
  <marc:record source="doyle.bl.library.author.xml">
    <marc:leader>03172aam a22007571a 4500</marc:leader>
    <marc:controlfield tag="001">018640048</marc:controlfield>
    <marc:controlfield tag="003">Uk</marc:controlfield>
    <marc:controlfield tag="005">20171207022540.0</marc:controlfield>
    <marc:controlfield tag="006">m || d | </marc:controlfield>
    <marc:controlfield tag="007">cr |||||||||||</marc:controlfield>
    <marc:controlfield tag="008">121112s2012    enk     o     000 1 eng d</marc:controlfield>
    <marc:datafield tag="015" ind1=" " ind2=" ">
      <marc:subfield code="a">GBB7O3559</marc:subfield>
      <marc:subfield code="2">bnb</marc:subfield>
    </marc:datafield>
    <marc:datafield tag="020" ind1=" " ind2=" ">
      <marc:subfield code="a">9781781669891</marc:subfield>
      <marc:subfield code="q">(electronic bk.)</marc:subfield>
    </marc:datafield>
    <marc:datafield tag="020" ind1=" " ind2=" ">
      <marc:subfield code="a">1781669899</marc:subfield>
      <marc:subfield code="q">(electronic bk.)</marc:subfield>
    </marc:datafield>
    <marc:datafield tag="037" ind1=" " ind2=" ">
      <marc:subfield code="a">9781781669891</marc:subfield>
      <marc:subfield code="b">AUK Classics</marc:subfield>
    </marc:datafield>
    <marc:datafield tag="040" ind1=" " ind2=" ">
      <marc:subfield code="a">TEFOD</marc:subfield>
      <marc:subfield code="b">eng</marc:subfield>
      <marc:subfield code="c">TEFOD</marc:subfield>
      <marc:subfield code="d">OCLCA</marc:subfield>
      <marc:subfield code="d">OCLCF</marc:subfield>
      <marc:subfield code="d">TEFOD</marc:subfield>
      <marc:subfield code="d">OCL</marc:subfield>
      <marc:subfield code="d">OCLCQ</marc:subfield>
      <marc:subfield code="d">TEFOD</marc:subfield>
      <marc:subfield code="d">OCL</marc:subfield>
      <marc:subfield code="d">OCLCQ</marc:subfield>
      <marc:subfield code="d">EBLCP</marc:subfield>
      <marc:subfield code="d">BIBBD</marc:subfield>
      <marc:subfield code="d">OCLCO</marc:subfield>
      <marc:subfield code="d">OCLCQ</marc:subfield>
      <marc:subfield code="d">N$T</marc:subfield>
      <marc:subfield code="d">MERUC</marc:subfield>
      <marc:subfield code="d">Uk</marc:subfield>
      <marc:subfield code="e">pn</marc:subfield>
    </marc:datafield>
    <marc:datafield tag="042" ind1=" " ind2=" ">
      <marc:subfield code="a">ukblsr</marc:subfield>
    </marc:datafield>
    <marc:datafield tag="050" ind1=" " ind2="4">
      <marc:subfield code="a">PR4622</marc:subfield>
    </marc:datafield>
    <marc:datafield tag="072" ind1=" " ind2="7">
      <marc:subfield code="a">FIC</marc:subfield>
      <marc:subfield code="x">009000</marc:subfield>
      <marc:subfield code="2">bisacsh</marc:subfield>
    </marc:datafield>
    <marc:datafield tag="072" ind1=" " ind2="7">
      <marc:subfield code="a">FIC</marc:subfield>
      <marc:subfield code="x">014000</marc:subfield>
      <marc:subfield code="2">bisacsh</marc:subfield>
    </marc:datafield>
    <marc:datafield tag="072" ind1=" " ind2="7">
      <marc:subfield code="a">FIC</marc:subfield>
      <marc:subfield code="x">022010</marc:subfield>
      <marc:subfield code="2">bisacsh</marc:subfield>
    </marc:datafield>
    <marc:datafield tag="072" ind1=" " ind2="7">
      <marc:subfield code="a">FIC</marc:subfield>
      <marc:subfield code="x">024000</marc:subfield>
      <marc:subfield code="2">bisacsh</marc:subfield>
    </marc:datafield>
    <marc:datafield tag="072" ind1=" " ind2="7">
      <marc:subfield code="a">FIC</marc:subfield>
      <marc:subfield code="x">025000</marc:subfield>
      <marc:subfield code="2">bisacsh</marc:subfield>
    </marc:datafield>
    <marc:datafield tag="072" ind1=" " ind2="7">
      <marc:subfield code="a">FIC</marc:subfield>
      <marc:subfield code="x">026000</marc:subfield>
      <marc:subfield code="2">bisacsh</marc:subfield>
    </marc:datafield>
    <marc:datafield tag="072" ind1=" " ind2="7">
      <marc:subfield code="a">FIC</marc:subfield>
      <marc:subfield code="x">028000</marc:subfield>
      <marc:subfield code="2">bisacsh</marc:subfield>
    </marc:datafield>
    <marc:datafield tag="072" ind1=" " ind2="7">
      <marc:subfield code="a">FIC</marc:subfield>
      <marc:subfield code="x">030000</marc:subfield>
      <marc:subfield code="2">bisacsh</marc:subfield>
    </marc:datafield>
    <marc:datafield tag="072" ind1=" " ind2="7">
      <marc:subfield code="a">FIC</marc:subfield>
      <marc:subfield code="x">035000</marc:subfield>
      <marc:subfield code="2">bisacsh</marc:subfield>
    </marc:datafield>
    <marc:datafield tag="072" ind1=" " ind2="7">
      <marc:subfield code="a">FIC</marc:subfield>
      <marc:subfield code="x">037000</marc:subfield>
      <marc:subfield code="2">bisacsh</marc:subfield>
    </marc:datafield>
    <marc:datafield tag="072" ind1=" " ind2="7">
      <marc:subfield code="a">FIC</marc:subfield>
      <marc:subfield code="x">041000</marc:subfield>
      <marc:subfield code="2">bisacsh</marc:subfield>
    </marc:datafield>
    <marc:datafield tag="072" ind1=" " ind2="7">
      <marc:subfield code="a">FIC</marc:subfield>
      <marc:subfield code="x">042000</marc:subfield>
      <marc:subfield code="2">bisacsh</marc:subfield>
    </marc:datafield>
    <marc:datafield tag="072" ind1=" " ind2="7">
      <marc:subfield code="a">FIC</marc:subfield>
      <marc:subfield code="x">046000</marc:subfield>
      <marc:subfield code="2">bisacsh</marc:subfield>
    </marc:datafield>
    <marc:datafield tag="082" ind1="0" ind2="4">
      <marc:subfield code="a">823.912</marc:subfield>
      <marc:subfield code="2">23</marc:subfield>
    </marc:datafield>
    <marc:datafield tag="100" ind1="1" ind2=" ">
      <marc:subfield code="a">Doyle, Arthur Conan</marc:subfield>
      <marc:subfield code="d">1859-1930.</marc:subfield>
      <marc:subfield code="1p">http://viaf.org/viaf/65283845</marc:subfield>
    </marc:datafield>
    <marc:datafield tag="240" ind1="1" ind2="0">
      <marc:subfield code="a">Uncle Bernac</marc:subfield>
      <marc:subfield code="1w">http://viaf.org/viaf/</marc:subfield>
      <marc:subfield code="2">generated from 245</marc:subfield>
    </marc:datafield>
    <marc:datafield tag="245" ind1="1" ind2="0">
      <marc:subfield code="a">Uncle Bernac</marc:subfield>
      <marc:subfield code="h">[electronic resource] :</marc:subfield>
      <marc:subfield code="b">a memory of the empire /</marc:subfield>
      <marc:subfield code="c">Arthur Conan Doyle.</marc:subfield>
    </marc:datafield>
    <marc:datafield tag="260" ind1=" " ind2=" ">
      <marc:subfield code="a">[U.K.] :</marc:subfield>
      <marc:subfield code="b">[Andrews],</marc:subfield>
      <marc:subfield code="c">©2012.</marc:subfield>
    </marc:datafield>
    <marc:datafield tag="300" ind1=" " ind2=" ">
      <marc:subfield code="a">1 online resource.</marc:subfield>
    </marc:datafield>
    <marc:datafield tag="336" ind1=" " ind2=" ">
      <marc:subfield code="a">text</marc:subfield>
      <marc:subfield code="2">rdacontent</marc:subfield>
    </marc:datafield>
    <marc:datafield tag="337" ind1=" " ind2=" ">
      <marc:subfield code="a">computer</marc:subfield>
      <marc:subfield code="2">rdamedia</marc:subfield>
    </marc:datafield>
    <marc:datafield tag="338" ind1=" " ind2=" ">
      <marc:subfield code="a">online resource</marc:subfield>
      <marc:subfield code="2">rdacarrier</marc:subfield>
    </marc:datafield>
    <marc:datafield tag="505" ind1="0" ind2=" ">
      <marc:subfield code="a">The coast of France -- The salt-marsh -- The ruined cottage -- Men of
        the night -- The law -- The secret passage -- The owner of Grosbois -- Cousin Sibylle -- The
        camp of Boulogne -- The ante-room -- The secretary -- The man of action -- The man of dreams
        -- Josephine -- The reception of the Empress -- The library of Grosbois -- The
        end.</marc:subfield>
    </marc:datafield>
    <marc:datafield tag="588" ind1="0" ind2=" ">
      <marc:subfield code="a">Online resource; title from PDF EPUB MobiPocket title page (OverDrive,
        viewed Nov. 12, 2012).</marc:subfield>
    </marc:datafield>
    <marc:datafield tag="650" ind1=" " ind2="7">
      <marc:subfield code="a">Fiction</marc:subfield>
      <marc:subfield code="x">Historical.</marc:subfield>
      <marc:subfield code="2">bisacsh</marc:subfield>
    </marc:datafield>
    <marc:datafield tag="650" ind1=" " ind2="7">
      <marc:subfield code="a">FICTION</marc:subfield>
      <marc:subfield code="x">General.</marc:subfield>
      <marc:subfield code="2">bisacsh</marc:subfield>
    </marc:datafield>
    <marc:datafield tag="650" ind1=" " ind2="7">
      <marc:subfield code="a">FICTION / Fantasy / General</marc:subfield>
      <marc:subfield code="2">bisacsh</marc:subfield>
    </marc:datafield>
    <marc:datafield tag="650" ind1=" " ind2="7">
      <marc:subfield code="a">FICTION / Historical</marc:subfield>
      <marc:subfield code="2">bisacsh</marc:subfield>
    </marc:datafield>
    <marc:datafield tag="650" ind1=" " ind2="7">
      <marc:subfield code="a">FICTION / Mystery &amp; Detective / Hard-Boiled</marc:subfield>
      <marc:subfield code="2">bisacsh</marc:subfield>
    </marc:datafield>
    <marc:datafield tag="650" ind1=" " ind2="7">
      <marc:subfield code="a">FICTION / Occult &amp; Supernatural</marc:subfield>
      <marc:subfield code="2">bisacsh</marc:subfield>
    </marc:datafield>
    <marc:datafield tag="650" ind1=" " ind2="7">
      <marc:subfield code="a">FICTION / Psychological</marc:subfield>
      <marc:subfield code="2">bisacsh</marc:subfield>
    </marc:datafield>
    <marc:datafield tag="650" ind1=" " ind2="7">
      <marc:subfield code="a">FICTION / Religious</marc:subfield>
      <marc:subfield code="2">bisacsh</marc:subfield>
    </marc:datafield>
    <marc:datafield tag="650" ind1=" " ind2="7">
      <marc:subfield code="a">FICTION / Science Fiction / General</marc:subfield>
      <marc:subfield code="2">bisacsh</marc:subfield>
    </marc:datafield>
    <marc:datafield tag="650" ind1=" " ind2="7">
      <marc:subfield code="a">FICTION / Suspense</marc:subfield>
      <marc:subfield code="2">bisacsh</marc:subfield>
    </marc:datafield>
    <marc:datafield tag="650" ind1=" " ind2="7">
      <marc:subfield code="a">FICTION / Medical</marc:subfield>
      <marc:subfield code="2">bisacsh</marc:subfield>
    </marc:datafield>
    <marc:datafield tag="650" ind1=" " ind2="7">
      <marc:subfield code="a">FICTION / Political</marc:subfield>
      <marc:subfield code="2">bisacsh</marc:subfield>
    </marc:datafield>
    <marc:datafield tag="650" ind1=" " ind2="7">
      <marc:subfield code="a">FICTION / Biographical</marc:subfield>
      <marc:subfield code="2">bisacsh</marc:subfield>
    </marc:datafield>
    <marc:datafield tag="650" ind1=" " ind2="7">
      <marc:subfield code="a">FICTION / Christian / General</marc:subfield>
      <marc:subfield code="2">bisacsh</marc:subfield>
    </marc:datafield>
    <marc:datafield tag="650" ind1=" " ind2="7">
      <marc:subfield code="a">FICTION / Jewish</marc:subfield>
      <marc:subfield code="2">bisacsh</marc:subfield>
    </marc:datafield>
    <marc:datafield tag="650" ind1=" " ind2="7">
      <marc:subfield code="a">Fiction</marc:subfield>
      <marc:subfield code="x">Action &amp; Adventure.</marc:subfield>
      <marc:subfield code="2">bisacsh</marc:subfield>
    </marc:datafield>
    <marc:datafield tag="651" ind1=" " ind2="0">
      <marc:subfield code="a">France</marc:subfield>
      <marc:subfield code="x">History</marc:subfield>
      <marc:subfield code="y">Consulate and First Empire, 1799-1815</marc:subfield>
      <marc:subfield code="v">Fiction.</marc:subfield>
    </marc:datafield>
    <marc:datafield tag="651" ind1=" " ind2="7">
      <marc:subfield code="a">France.</marc:subfield>
      <marc:subfield code="2">fast</marc:subfield>
      <marc:subfield code="0">(OCoLC)fst01204289</marc:subfield>
    </marc:datafield>
    <marc:datafield tag="655" ind1=" " ind2="4">
      <marc:subfield code="a">Electronic books.</marc:subfield>
    </marc:datafield>
    <marc:datafield tag="655" ind1=" " ind2="7">
      <marc:subfield code="a">History</marc:subfield>
      <marc:subfield code="2">fast</marc:subfield>
      <marc:subfield code="0">(OCoLC)fst01411628</marc:subfield>
    </marc:datafield>
    <marc:datafield tag="655" ind1=" " ind2="7">
      <marc:subfield code="a">Fiction.</marc:subfield>
      <marc:subfield code="2">fast</marc:subfield>
      <marc:subfield code="0">(OCoLC)fst01423787</marc:subfield>
    </marc:datafield>
    <marc:datafield tag="655" ind1=" " ind2="7">
      <marc:subfield code="a">Fiction.</marc:subfield>
      <marc:subfield code="2">lcgft</marc:subfield>
    </marc:datafield>
    <marc:datafield tag="859" ind1=" " ind2=" ">
      <marc:subfield code="a">ELD</marc:subfield>
      <marc:subfield code="b">ebook</marc:subfield>
    </marc:datafield>
    <marc:datafield tag="884" ind1=" " ind2=" ">
      <marc:subfield code="a">LDL ebooks ONIX to marcxml transformation using
        Record_Load-eBooks_Legal_Deposit_onix2marc_v2-1.xsl</marc:subfield>
      <marc:subfield code="g">20171116</marc:subfield>
      <marc:subfield code="k">9781781669891</marc:subfield>
      <marc:subfield code="q">Uk</marc:subfield>
    </marc:datafield>
    <marc:datafield tag="889" ind1=" " ind2=" ">
      <marc:subfield code="a">(OCoLC)817247764</marc:subfield>
    </marc:datafield>
  </marc:record>