
  <marc:record source="doyle.bl.library.author.xml">
    <marc:leader>00990pam a2200313 i 4500</marc:leader>
    <marc:controlfield tag="001">017155723</marc:controlfield>
    <marc:controlfield tag="003">Uk</marc:controlfield>
    <marc:controlfield tag="005">20161114100103.0</marc:controlfield>
    <marc:controlfield tag="008">150211r20151891enk           000|1|eng|d</marc:controlfield>
    <marc:datafield tag="015" ind1=" " ind2=" ">
      <marc:subfield code="a">GBB546913</marc:subfield>
      <marc:subfield code="2">bnb</marc:subfield>
    </marc:datafield>
    <marc:datafield tag="016" ind1="7" ind2=" ">
      <marc:subfield code="a">017155723</marc:subfield>
      <marc:subfield code="2">Uk</marc:subfield>
    </marc:datafield>
    <marc:datafield tag="020" ind1=" " ind2=" ">
      <marc:subfield code="a">9781784870164 (pbk.) :</marc:subfield>
      <marc:subfield code="c">£8.99</marc:subfield>
    </marc:datafield>
    <marc:datafield tag="020" ind1=" " ind2=" ">
      <marc:subfield code="z">9781473524323 (ePub ebook) :</marc:subfield>
      <marc:subfield code="c">£9.38</marc:subfield>
    </marc:datafield>
    <marc:datafield tag="040" ind1=" " ind2=" ">
      <marc:subfield code="a">StDuBDS</marc:subfield>
      <marc:subfield code="b">eng</marc:subfield>
      <marc:subfield code="c">StDuBDS</marc:subfield>
      <marc:subfield code="d">Uk</marc:subfield>
      <marc:subfield code="e">rda</marc:subfield>
    </marc:datafield>
    <marc:datafield tag="042" ind1=" " ind2=" ">
      <marc:subfield code="a">ukblcatcopy</marc:subfield>
    </marc:datafield>
    <marc:datafield tag="082" ind1="0" ind2="4">
      <marc:subfield code="a">823.912</marc:subfield>
      <marc:subfield code="2">23</marc:subfield>
    </marc:datafield>
    <marc:datafield tag="100" ind1="1" ind2=" ">
      <marc:subfield code="a">Doyle, Arthur Conan</marc:subfield>
      <marc:subfield code="d">1859-1930,</marc:subfield>
      <marc:subfield code="e">author.</marc:subfield>
      <marc:subfield code="4">aut</marc:subfield>
      <marc:subfield code="1p">http://viaf.org/viaf/65283845</marc:subfield>
    </marc:datafield>
    <marc:datafield tag="240" ind1="1" ind2="0">
      <marc:subfield code="a">The White Company</marc:subfield>
      <marc:subfield code="1w">http://viaf.org/viaf/3904151051822033530005</marc:subfield>
      <marc:subfield code="2">generated from 245</marc:subfield>
    </marc:datafield>
    <marc:datafield tag="245" ind1="1" ind2="4">
      <marc:subfield code="a">The White Company /</marc:subfield>
      <marc:subfield code="c">Arthur Conan Doyle.</marc:subfield>
    </marc:datafield>
    <marc:datafield tag="264" ind1=" " ind2="1">
      <marc:subfield code="a">London :</marc:subfield>
      <marc:subfield code="b">Vintage Books,</marc:subfield>
      <marc:subfield code="c">2015.</marc:subfield>
    </marc:datafield>
    <marc:datafield tag="300" ind1=" " ind2=" ">
      <marc:subfield code="a">488 pages ;</marc:subfield>
      <marc:subfield code="c">20 cm</marc:subfield>
    </marc:datafield>
    <marc:datafield tag="336" ind1=" " ind2=" ">
      <marc:subfield code="a">text</marc:subfield>
      <marc:subfield code="2">rdacontent</marc:subfield>
    </marc:datafield>
    <marc:datafield tag="337" ind1=" " ind2=" ">
      <marc:subfield code="a">unmediated</marc:subfield>
      <marc:subfield code="2">rdamedia</marc:subfield>
    </marc:datafield>
    <marc:datafield tag="338" ind1=" " ind2=" ">
      <marc:subfield code="a">volume</marc:subfield>
      <marc:subfield code="2">rdacarrier</marc:subfield>
    </marc:datafield>
    <marc:datafield tag="500" ind1=" " ind2=" ">
      <marc:subfield code="a">Facsim. of ed. published: London: Smith, Elder, 1891.</marc:subfield>
    </marc:datafield>
    <marc:datafield tag="530" ind1=" " ind2=" ">
      <marc:subfield code="a">Also issued online.</marc:subfield>
    </marc:datafield>
    <marc:datafield tag="500" ind1=" " ind2=" ">
      <marc:subfield code="a">Formerly CIP.</marc:subfield>
      <marc:subfield code="5">Uk</marc:subfield>
    </marc:datafield>
    <marc:datafield tag="650" ind1=" " ind2="0">
      <marc:subfield code="a">Hundred Years' War, 1339-1453</marc:subfield>
      <marc:subfield code="v">Fiction.</marc:subfield>
    </marc:datafield>
    <marc:datafield tag="655" ind1=" " ind2="0">
      <marc:subfield code="a">Historical fiction.</marc:subfield>
    </marc:datafield>
    <marc:datafield tag="776" ind1="0" ind2="8">
      <marc:subfield code="i">ebook version:</marc:subfield>
      <marc:subfield code="z">9781473524323</marc:subfield>
    </marc:datafield>
  </marc:record>