
  <marc:record source="doyle.bl.library.author.xml">
    <marc:leader>00616 am a22002293u 4500</marc:leader>
    <marc:controlfield tag="001">006971588</marc:controlfield>
    <marc:controlfield tag="003">Uk</marc:controlfield>
    <marc:controlfield tag="005">20160603123706.0</marc:controlfield>
    <marc:controlfield tag="008">741016s1950    xxk    ||     000 1|eng  </marc:controlfield>
    <marc:datafield tag="015" ind1=" " ind2=" ">
      <marc:subfield code="a">GB5005116</marc:subfield>
      <marc:subfield code="2">bnb</marc:subfield>
    </marc:datafield>
    <marc:datafield tag="019" ind1="y" ind2=" ">
      <marc:subfield code="a">B5005116</marc:subfield>
    </marc:datafield>
    <marc:datafield tag="019" ind1="9" ind2=" ">
      <marc:subfield code="a">b5005116</marc:subfield>
    </marc:datafield>
    <marc:datafield tag="040" ind1=" " ind2=" ">
      <marc:subfield code="a">Uk</marc:subfield>
      <marc:subfield code="c">Uk</marc:subfield>
    </marc:datafield>
    <marc:datafield tag="082" ind1="0" ind2="4">
      <marc:subfield code="a">823.91</marc:subfield>
      <marc:subfield code="2">18</marc:subfield>
    </marc:datafield>
    <marc:datafield tag="100" ind1="1" ind2=" ">
      <marc:subfield code="a">Doyle, Arthur Conan</marc:subfield>
      <marc:subfield code="d">1859-1930.</marc:subfield>
      <marc:subfield code="1p">http://viaf.org/viaf/65283845</marc:subfield>
    </marc:datafield>
    <marc:datafield tag="240" ind1="1" ind2="0">
      <marc:subfield code="a">The Hound of the Baskervilles</marc:subfield>
      <marc:subfield code="1w">http://viaf.org/viaf/181625655</marc:subfield>
      <marc:subfield code="2">generated from 245</marc:subfield>
    </marc:datafield>
    <marc:datafield tag="245" ind1="1" ind2="4">
      <marc:subfield code="a">The hound of the Baskervilles.</marc:subfield>
    </marc:datafield>
    <marc:datafield tag="264" ind1=" " ind2="1">
      <marc:subfield code="b">Pocket Books by arrangement with J.Murray,</marc:subfield>
      <marc:subfield code="c">1950.</marc:subfield>
    </marc:datafield>
    <marc:datafield tag="300" ind1=" " ind2=" ">
      <marc:subfield code="a">200 pages ;</marc:subfield>
      <marc:subfield code="c">17 cm</marc:subfield>
    </marc:datafield>
    <marc:datafield tag="336" ind1=" " ind2=" ">
      <marc:subfield code="a">text</marc:subfield>
      <marc:subfield code="2">rdacontent</marc:subfield>
    </marc:datafield>
    <marc:datafield tag="337" ind1=" " ind2=" ">
      <marc:subfield code="a">unmediated</marc:subfield>
      <marc:subfield code="2">rdamedia</marc:subfield>
    </marc:datafield>
    <marc:datafield tag="338" ind1=" " ind2=" ">
      <marc:subfield code="a">volume</marc:subfield>
      <marc:subfield code="2">rdacarrier</marc:subfield>
    </marc:datafield>
    <marc:datafield tag="500" ind1=" " ind2=" ">
      <marc:subfield code="a">First published 1902.</marc:subfield>
    </marc:datafield>
  </marc:record>