
  <marc:record source="doyle.bl.library.author.xml">
    <marc:leader>01641aam a22004451a 4500</marc:leader>
    <marc:controlfield tag="001">018531651</marc:controlfield>
    <marc:controlfield tag="003">Uk</marc:controlfield>
    <marc:controlfield tag="005">20170925023940.0</marc:controlfield>
    <marc:controlfield tag="006">m || d | </marc:controlfield>
    <marc:controlfield tag="007">cr |||||||||||</marc:controlfield>
    <marc:controlfield tag="008">100329s2009    enk     ob    000 f eng d</marc:controlfield>
    <marc:datafield tag="015" ind1=" " ind2=" ">
      <marc:subfield code="a">GBB7I4561</marc:subfield>
      <marc:subfield code="2">bnb</marc:subfield>
    </marc:datafield>
    <marc:datafield tag="020" ind1=" " ind2=" ">
      <marc:subfield code="a">9781409086284</marc:subfield>
      <marc:subfield code="q">(electronic bk. ;</marc:subfield>
      <marc:subfield code="q">Adobe Digital Editions)</marc:subfield>
    </marc:datafield>
    <marc:datafield tag="020" ind1=" " ind2=" ">
      <marc:subfield code="a">1409086283</marc:subfield>
      <marc:subfield code="q">(electronic bk. ;</marc:subfield>
      <marc:subfield code="q">Adobe Digital Editions)</marc:subfield>
    </marc:datafield>
    <marc:datafield tag="037" ind1=" " ind2=" ">
      <marc:subfield code="a">TheRandomHouseGroup149473</marc:subfield>
      <marc:subfield code="b">Ingram Content Group</marc:subfield>
    </marc:datafield>
    <marc:datafield tag="040" ind1=" " ind2=" ">
      <marc:subfield code="a">TEFOD</marc:subfield>
      <marc:subfield code="b">eng</marc:subfield>
      <marc:subfield code="c">TEFOD</marc:subfield>
      <marc:subfield code="d">OCLCQ</marc:subfield>
      <marc:subfield code="d">OCLCA</marc:subfield>
      <marc:subfield code="d">OCLCQ</marc:subfield>
      <marc:subfield code="d">TEFOD</marc:subfield>
      <marc:subfield code="d">OCLCF</marc:subfield>
      <marc:subfield code="d">OCLCQ</marc:subfield>
      <marc:subfield code="d">Uk</marc:subfield>
    </marc:datafield>
    <marc:datafield tag="042" ind1=" " ind2=" ">
      <marc:subfield code="a">ukblsr</marc:subfield>
    </marc:datafield>
    <marc:datafield tag="050" ind1="1" ind2="4">
      <marc:subfield code="a">PR4622</marc:subfield>
      <marc:subfield code="b">.S78 2009eb</marc:subfield>
    </marc:datafield>
    <marc:datafield tag="082" ind1="0" ind2="4">
      <marc:subfield code="a">823/.912</marc:subfield>
      <marc:subfield code="2">22</marc:subfield>
    </marc:datafield>
    <marc:datafield tag="100" ind1="1" ind2=" ">
      <marc:subfield code="a">Doyle, Arthur Conan</marc:subfield>
      <marc:subfield code="d">1859-1930.</marc:subfield>
      <marc:subfield code="1p">http://viaf.org/viaf/65283845</marc:subfield>
    </marc:datafield>
    <marc:datafield tag="240" ind1="1" ind2="0">
      <marc:subfield code="a">A Study in Scarlet</marc:subfield>
      <marc:subfield code="1w">http://viaf.org/viaf/179061639</marc:subfield>
      <marc:subfield code="2">generated from 245</marc:subfield>
    </marc:datafield>
    <marc:datafield tag="245" ind1="1" ind2="2">
      <marc:subfield code="a">A study in scarlet /</marc:subfield>
      <marc:subfield code="c">Sir Arthur Conan Doyle.</marc:subfield>
    </marc:datafield>
    <marc:datafield tag="260" ind1=" " ind2=" ">
      <marc:subfield code="a">London :</marc:subfield>
      <marc:subfield code="b">Vintage Classics,</marc:subfield>
      <marc:subfield code="c">2009.</marc:subfield>
    </marc:datafield>
    <marc:datafield tag="300" ind1=" " ind2=" ">
      <marc:subfield code="a">xiii, 146 pages ;</marc:subfield>
      <marc:subfield code="c">20 cm.</marc:subfield>
    </marc:datafield>
    <marc:datafield tag="336" ind1=" " ind2=" ">
      <marc:subfield code="a">text</marc:subfield>
      <marc:subfield code="2">rdacontent</marc:subfield>
    </marc:datafield>
    <marc:datafield tag="337" ind1=" " ind2=" ">
      <marc:subfield code="a">computer</marc:subfield>
      <marc:subfield code="2">rdamedia</marc:subfield>
    </marc:datafield>
    <marc:datafield tag="338" ind1=" " ind2=" ">
      <marc:subfield code="a">online resource</marc:subfield>
      <marc:subfield code="2">rdacarrier</marc:subfield>
    </marc:datafield>
    <marc:datafield tag="504" ind1=" " ind2=" ">
      <marc:subfield code="a">Includes bibliographical references.</marc:subfield>
    </marc:datafield>
    <marc:datafield tag="600" ind1="1" ind2="0">
      <marc:subfield code="a">Holmes, Sherlock</marc:subfield>
      <marc:subfield code="v">Fiction.</marc:subfield>
      <marc:subfield code="1p">http://viaf.org/viaf/173636607</marc:subfield>
    </marc:datafield>
    <marc:datafield tag="600" ind1="1" ind2="0">
      <marc:subfield code="a">Watson, John H.</marc:subfield>
      <marc:subfield code="c">(Fictitious character)</marc:subfield>
      <marc:subfield code="v">Fiction.</marc:subfield>
      <marc:subfield code="1p">http://viaf.org/viaf/308763542</marc:subfield>
    </marc:datafield>
    <marc:datafield tag="600" ind1="1" ind2="7">
      <marc:subfield code="a">Holmes, Sherlock</marc:subfield>
      <marc:subfield code="2">fast</marc:subfield>
      <marc:subfield code="0">(OCoLC)fst01906994</marc:subfield>
      <marc:subfield code="1p">http://viaf.org/viaf/173636607</marc:subfield>
    </marc:datafield>
    <marc:datafield tag="600" ind1="1" ind2="7">
      <marc:subfield code="a">Watson, John H.</marc:subfield>
      <marc:subfield code="c">(Fictitious character)</marc:subfield>
      <marc:subfield code="2">fast</marc:subfield>
      <marc:subfield code="0">(OCoLC)fst01172852</marc:subfield>
      <marc:subfield code="1p">http://viaf.org/viaf/308763542</marc:subfield>
    </marc:datafield>
    <marc:datafield tag="650" ind1=" " ind2="7">
      <marc:subfield code="a">FICTION / Mystery &amp; Detective / General</marc:subfield>
      <marc:subfield code="2">bisacsh</marc:subfield>
    </marc:datafield>
    <marc:datafield tag="650" ind1=" " ind2="7">
      <marc:subfield code="a">FICTION / Crime</marc:subfield>
      <marc:subfield code="2">bisacsh</marc:subfield>
    </marc:datafield>
    <marc:datafield tag="650" ind1=" " ind2="7">
      <marc:subfield code="a">Crime &amp; mystery</marc:subfield>
      <marc:subfield code="2">bicssc</marc:subfield>
    </marc:datafield>
    <marc:datafield tag="655" ind1=" " ind2="0">
      <marc:subfield code="a">Detective and mystery stories.</marc:subfield>
    </marc:datafield>
    <marc:datafield tag="655" ind1=" " ind2="4">
      <marc:subfield code="a">Electronic books.</marc:subfield>
    </marc:datafield>
    <marc:datafield tag="655" ind1=" " ind2="7">
      <marc:subfield code="a">Detective and mystery fiction.</marc:subfield>
      <marc:subfield code="2">fast</marc:subfield>
      <marc:subfield code="0">(OCoLC)fst01726581</marc:subfield>
    </marc:datafield>
    <marc:datafield tag="655" ind1=" " ind2="7">
      <marc:subfield code="a">Fiction.</marc:subfield>
      <marc:subfield code="2">fast</marc:subfield>
      <marc:subfield code="0">(OCoLC)fst01423787</marc:subfield>
    </marc:datafield>
    <marc:datafield tag="859" ind1=" " ind2=" ">
      <marc:subfield code="a">ELD</marc:subfield>
      <marc:subfield code="b">ebook</marc:subfield>
    </marc:datafield>
    <marc:datafield tag="889" ind1=" " ind2=" ">
      <marc:subfield code="a">(OCoLC)586060554</marc:subfield>
    </marc:datafield>
  </marc:record>