
  <marc:record source="doyle.bl.library.author.xml">
    <marc:leader>01574 am a2200397ua 4500</marc:leader>
    <marc:controlfield tag="001">011942922</marc:controlfield>
    <marc:controlfield tag="003">Uk</marc:controlfield>
    <marc:controlfield tag="005">20160603141320.0</marc:controlfield>
    <marc:controlfield tag="008">980720s1998    enk    ||     000 1|eng  </marc:controlfield>
    <marc:datafield tag="010" ind1=" " ind2=" ">
      <marc:subfield code="a">97032932</marc:subfield>
    </marc:datafield>
    <marc:datafield tag="015" ind1=" " ind2=" ">
      <marc:subfield code="a">GB98Y8485</marc:subfield>
      <marc:subfield code="2">bnb</marc:subfield>
    </marc:datafield>
    <marc:datafield tag="019" ind1="y" ind2=" ">
      <marc:subfield code="a">b98Y8485</marc:subfield>
    </marc:datafield>
    <marc:datafield tag="019" ind1="9" ind2=" ">
      <marc:subfield code="a">0192833529</marc:subfield>
    </marc:datafield>
    <marc:datafield tag="019" ind1="1" ind2=" ">
      <marc:subfield code="a">0192833529</marc:subfield>
    </marc:datafield>
    <marc:datafield tag="020" ind1=" " ind2=" ">
      <marc:subfield code="a">0192833529 (pbk) :</marc:subfield>
      <marc:subfield code="c">£4.99</marc:subfield>
    </marc:datafield>
    <marc:datafield tag="039" ind1="0" ind2=" ">
      <marc:subfield code="a">2500</marc:subfield>
    </marc:datafield>
    <marc:datafield tag="040" ind1=" " ind2=" ">
      <marc:subfield code="a">StDuBDS</marc:subfield>
      <marc:subfield code="d">Uk</marc:subfield>
    </marc:datafield>
    <marc:datafield tag="082" ind1="0" ind2="4">
      <marc:subfield code="a">823.8</marc:subfield>
      <marc:subfield code="2">21</marc:subfield>
    </marc:datafield>
    <marc:datafield tag="100" ind1="1" ind2=" ">
      <marc:subfield code="a">Doyle, Arthur Conan</marc:subfield>
      <marc:subfield code="d">1859-1930.</marc:subfield>
      <marc:subfield code="1p">http://viaf.org/viaf/65283845</marc:subfield>
    </marc:datafield>
    <marc:datafield tag="240" ind1="1" ind2="0">
      <marc:subfield code="a">The Lost World</marc:subfield>
      <marc:subfield code="1w">http://viaf.org/viaf/294145857904223021237</marc:subfield>
      <marc:subfield code="2">generated from 245</marc:subfield>
    </marc:datafield>
    <marc:datafield tag="245" ind1="1" ind2="4">
      <marc:subfield code="a">The lost world :</marc:subfield>
      <marc:subfield code="b">being an account of the recent amazing adventures of Professor George
        E. Challenger, Lord John Roxton, Professor Summerlee, and Mr E. D. Malone of the Daily
        Gazette /</marc:subfield>
      <marc:subfield code="c">Arthur Conan Doyle ; edited with an introduction and notes by Ian
        Duncan.</marc:subfield>
    </marc:datafield>
    <marc:datafield tag="250" ind1=" " ind2=" ">
      <marc:subfield code="a">Rev. ed.</marc:subfield>
    </marc:datafield>
    <marc:datafield tag="260" ind1=" " ind2=" ">
      <marc:subfield code="a">Oxford :</marc:subfield>
      <marc:subfield code="b">Oxford University Press,</marc:subfield>
      <marc:subfield code="c">1998.</marc:subfield>
    </marc:datafield>
    <marc:datafield tag="300" ind1=" " ind2=" ">
      <marc:subfield code="a">xxxi, 199p. ;</marc:subfield>
      <marc:subfield code="c">20cm.</marc:subfield>
    </marc:datafield>
    <marc:datafield tag="336" ind1=" " ind2=" ">
      <marc:subfield code="a">text</marc:subfield>
      <marc:subfield code="2">rdacontent</marc:subfield>
    </marc:datafield>
    <marc:datafield tag="337" ind1=" " ind2=" ">
      <marc:subfield code="a">unmediated</marc:subfield>
      <marc:subfield code="2">rdamedia</marc:subfield>
    </marc:datafield>
    <marc:datafield tag="338" ind1=" " ind2=" ">
      <marc:subfield code="a">volume</marc:subfield>
      <marc:subfield code="2">rdacarrier</marc:subfield>
    </marc:datafield>
    <marc:datafield tag="490" ind1="0" ind2=" ">
      <marc:subfield code="a">Oxford world's classics</marc:subfield>
    </marc:datafield>
    <marc:datafield tag="500" ind1=" " ind2=" ">
      <marc:subfield code="a">Previous ed.: 1995.</marc:subfield>
    </marc:datafield>
    <marc:datafield tag="504" ind1=" " ind2=" ">
      <marc:subfield code="a">Includes bibliographical references.</marc:subfield>
    </marc:datafield>
    <marc:datafield tag="650" ind1=" " ind2="0">
      <marc:subfield code="a">Challenger, Professor (Fictitious character)</marc:subfield>
      <marc:subfield code="x">Fiction.</marc:subfield>
    </marc:datafield>
    <marc:datafield tag="650" ind1=" " ind2="0">
      <marc:subfield code="a">Prehistoric peoples</marc:subfield>
      <marc:subfield code="z">South America</marc:subfield>
      <marc:subfield code="x">Fiction.</marc:subfield>
    </marc:datafield>
    <marc:datafield tag="650" ind1=" " ind2="0">
      <marc:subfield code="a">Dinosaurs</marc:subfield>
      <marc:subfield code="x">Fiction.</marc:subfield>
    </marc:datafield>
    <marc:datafield tag="651" ind1=" " ind2="0">
      <marc:subfield code="a">South America</marc:subfield>
      <marc:subfield code="x">Discovery and exploration</marc:subfield>
      <marc:subfield code="x">Fiction.</marc:subfield>
    </marc:datafield>
    <marc:datafield tag="700" ind1="1" ind2=" ">
      <marc:subfield code="a">Duncan, Ian</marc:subfield>
      <marc:subfield code="d">1955-</marc:subfield>
      <marc:subfield code="1p">duncanian</marc:subfield>
    </marc:datafield>
    <marc:datafield tag="886" ind1="2" ind2=" ">
      <marc:subfield code="2">ukmarc</marc:subfield>
      <marc:subfield code="a">900</marc:subfield>
      <marc:subfield code="b">10</marc:subfield>
      <marc:subfield code="a">Doyle</marc:subfield>
      <marc:subfield code="h">A. Conan</marc:subfield>
      <marc:subfield code="x">See</marc:subfield>
      <marc:subfield code="a">Doyle,</marc:subfield>
      <marc:subfield code="x">Sir</marc:subfield>
      <marc:subfield code="a">Arthur Conan,</marc:subfield>
      <marc:subfield code="x">1859-1930</marc:subfield>
      <marc:subfield code="z">100</marc:subfield>
    </marc:datafield>
    <marc:datafield tag="886" ind1="2" ind2=" ">
      <marc:subfield code="2">ukmarc</marc:subfield>
      <marc:subfield code="a">900</marc:subfield>
      <marc:subfield code="b">10</marc:subfield>
      <marc:subfield code="a">Doyle</marc:subfield>
      <marc:subfield code="h">A. Conan</marc:subfield>
      <marc:subfield code="k">Arthur Conan</marc:subfield>
      <marc:subfield code="f">Sir</marc:subfield>
      <marc:subfield code="c">1859- 1930</marc:subfield>
      <marc:subfield code="x">See</marc:subfield>
      <marc:subfield code="a">Doyle, Arthur Conan,</marc:subfield>
      <marc:subfield code="x">Sir, 1859-1930</marc:subfield>
      <marc:subfield code="z">100</marc:subfield>
    </marc:datafield>
  </marc:record>