
  <marc:record source="doyle.bl.library.author.xml">
    <marc:leader>02337 am a2200481ua 4500</marc:leader>
    <marc:controlfield tag="001">010773720</marc:controlfield>
    <marc:controlfield tag="003">Uk</marc:controlfield>
    <marc:controlfield tag="005">20120420145316.0</marc:controlfield>
    <marc:controlfield tag="008">030616s2003    enk    ||     000 1|eng  </marc:controlfield>
    <marc:datafield tag="015" ind1=" " ind2=" ">
      <marc:subfield code="a">GBA3Z6177</marc:subfield>
      <marc:subfield code="2">bnb</marc:subfield>
    </marc:datafield>
    <marc:datafield tag="019" ind1="y" ind2=" ">
      <marc:subfield code="a">bA3Z6177</marc:subfield>
    </marc:datafield>
    <marc:datafield tag="019" ind1="9" ind2=" ">
      <marc:subfield code="a">184391039x</marc:subfield>
    </marc:datafield>
    <marc:datafield tag="019" ind1="1" ind2=" ">
      <marc:subfield code="a">184391039x</marc:subfield>
    </marc:datafield>
    <marc:datafield tag="020" ind1=" " ind2=" ">
      <marc:subfield code="a">184391039X (pbk.) :</marc:subfield>
      <marc:subfield code="c">£6.99</marc:subfield>
    </marc:datafield>
    <marc:datafield tag="039" ind1="0" ind2=" ">
      <marc:subfield code="a">2746</marc:subfield>
    </marc:datafield>
    <marc:datafield tag="040" ind1=" " ind2=" ">
      <marc:subfield code="a">StDuBDS</marc:subfield>
      <marc:subfield code="d">Uk</marc:subfield>
    </marc:datafield>
    <marc:datafield tag="082" ind1="0" ind2="4">
      <marc:subfield code="a">823.8</marc:subfield>
      <marc:subfield code="2">23</marc:subfield>
    </marc:datafield>
    <marc:datafield tag="100" ind1="1" ind2=" ">
      <marc:subfield code="a">Doyle, Arthur Conan</marc:subfield>
      <marc:subfield code="d">1859-1930.</marc:subfield>
      <marc:subfield code="1p">http://viaf.org/viaf/65283845</marc:subfield>
    </marc:datafield>
    <marc:datafield tag="240" ind1="1" ind2="0">
      <marc:subfield code="a">The Tragedy of the Korosko</marc:subfield>
      <marc:subfield code="1w">http://viaf.org/viaf/179668970</marc:subfield>
      <marc:subfield code="2">generated from 245</marc:subfield>
    </marc:datafield>
    <marc:datafield tag="245" ind1="1" ind2="4">
      <marc:subfield code="a">The tragedy of the Korosco /</marc:subfield>
      <marc:subfield code="c">Arthur Conan Doyle.</marc:subfield>
    </marc:datafield>
    <marc:datafield tag="260" ind1=" " ind2=" ">
      <marc:subfield code="a">London :</marc:subfield>
      <marc:subfield code="b">Hesperus,</marc:subfield>
      <marc:subfield code="c">2003.</marc:subfield>
    </marc:datafield>
    <marc:datafield tag="300" ind1=" " ind2=" ">
      <marc:subfield code="a">121 p. ;</marc:subfield>
      <marc:subfield code="c">20 cm.</marc:subfield>
    </marc:datafield>
    <marc:datafield tag="336" ind1=" " ind2=" ">
      <marc:subfield code="a">text</marc:subfield>
      <marc:subfield code="2">rdacontent</marc:subfield>
    </marc:datafield>
    <marc:datafield tag="337" ind1=" " ind2=" ">
      <marc:subfield code="a">unmediated</marc:subfield>
      <marc:subfield code="2">rdamedia</marc:subfield>
    </marc:datafield>
    <marc:datafield tag="338" ind1=" " ind2=" ">
      <marc:subfield code="a">volume</marc:subfield>
      <marc:subfield code="2">rdacarrier</marc:subfield>
    </marc:datafield>
    <marc:datafield tag="490" ind1="1" ind2=" ">
      <marc:subfield code="a">100 pages</marc:subfield>
    </marc:datafield>
    <marc:datafield tag="650" ind1=" " ind2="0">
      <marc:subfield code="a">East and West</marc:subfield>
      <marc:subfield code="v">Fiction.</marc:subfield>
    </marc:datafield>
    <marc:datafield tag="650" ind1=" " ind2="0">
      <marc:subfield code="a">Hostages</marc:subfield>
      <marc:subfield code="v">Fiction.</marc:subfield>
    </marc:datafield>
    <marc:datafield tag="651" ind1=" " ind2="0">
      <marc:subfield code="a">Egypt</marc:subfield>
      <marc:subfield code="x">Social life and customs</marc:subfield>
      <marc:subfield code="y">19th century</marc:subfield>
      <marc:subfield code="v">Fiction.</marc:subfield>
    </marc:datafield>
    <marc:datafield tag="655" ind1="0" ind2="7">
      <marc:subfield code="a">Adventure stories.</marc:subfield>
      <marc:subfield code="2">lcsh</marc:subfield>
    </marc:datafield>
    <marc:datafield tag="886" ind1="2" ind2=" ">
      <marc:subfield code="2">ukmarc</marc:subfield>
      <marc:subfield code="a">900</marc:subfield>
      <marc:subfield code="b">10</marc:subfield>
      <marc:subfield code="a">Doyle</marc:subfield>
      <marc:subfield code="h">Conan</marc:subfield>
      <marc:subfield code="f">Sir</marc:subfield>
      <marc:subfield code="c">1859-1930</marc:subfield>
      <marc:subfield code="x">See</marc:subfield>
      <marc:subfield code="a">Doyle, Arthur Conan,</marc:subfield>
      <marc:subfield code="x">Sir, 1859-1930</marc:subfield>
      <marc:subfield code="z">100</marc:subfield>
    </marc:datafield>
    <marc:datafield tag="886" ind1="2" ind2=" ">
      <marc:subfield code="2">ukmarc</marc:subfield>
      <marc:subfield code="a">900</marc:subfield>
      <marc:subfield code="b">10</marc:subfield>
      <marc:subfield code="a">Doyle</marc:subfield>
      <marc:subfield code="h">A. Conan</marc:subfield>
      <marc:subfield code="k">Arthur Conan</marc:subfield>
      <marc:subfield code="f">Sir</marc:subfield>
      <marc:subfield code="c">1859-1930</marc:subfield>
      <marc:subfield code="x">See</marc:subfield>
      <marc:subfield code="a">Doyle, Arthur Conan,</marc:subfield>
      <marc:subfield code="x">Sir, 1859-1930</marc:subfield>
      <marc:subfield code="z">100</marc:subfield>
    </marc:datafield>
    <marc:datafield tag="886" ind1="2" ind2=" ">
      <marc:subfield code="2">ukmarc</marc:subfield>
      <marc:subfield code="a">900</marc:subfield>
      <marc:subfield code="b">10</marc:subfield>
      <marc:subfield code="a">Conan Doyle</marc:subfield>
      <marc:subfield code="h">Arthur</marc:subfield>
      <marc:subfield code="f">Sir</marc:subfield>
      <marc:subfield code="c">1859-1930</marc:subfield>
      <marc:subfield code="x">See</marc:subfield>
      <marc:subfield code="a">Doyle, Arthur Conan,</marc:subfield>
      <marc:subfield code="x">Sir, 1859-1930</marc:subfield>
      <marc:subfield code="z">100</marc:subfield>
    </marc:datafield>
    <marc:datafield tag="886" ind1="2" ind2=" ">
      <marc:subfield code="2">ukmarc</marc:subfield>
      <marc:subfield code="a">900</marc:subfield>
      <marc:subfield code="b">10</marc:subfield>
      <marc:subfield code="a">Ta-li</marc:subfield>
      <marc:subfield code="h">Kʿo-nan</marc:subfield>
      <marc:subfield code="f">Sir</marc:subfield>
      <marc:subfield code="c">1859-1930</marc:subfield>
      <marc:subfield code="x">See</marc:subfield>
      <marc:subfield code="a">Doyle, Arthur Conan,</marc:subfield>
      <marc:subfield code="x">Sir, 1859-1930</marc:subfield>
      <marc:subfield code="z">100</marc:subfield>
    </marc:datafield>
    <marc:datafield tag="886" ind1="2" ind2=" ">
      <marc:subfield code="2">ukmarc</marc:subfield>
      <marc:subfield code="a">900</marc:subfield>
      <marc:subfield code="b">10</marc:subfield>
      <marc:subfield code="a">Doyle</marc:subfield>
      <marc:subfield code="h">Artur Conan</marc:subfield>
      <marc:subfield code="f">Sir</marc:subfield>
      <marc:subfield code="c">1859-1930</marc:subfield>
      <marc:subfield code="x">See</marc:subfield>
      <marc:subfield code="a">Doyle, Arthur Conan,</marc:subfield>
      <marc:subfield code="x">Sir, 1859-1930</marc:subfield>
      <marc:subfield code="z">100</marc:subfield>
    </marc:datafield>
    <marc:datafield tag="886" ind1="2" ind2=" ">
      <marc:subfield code="2">ukmarc</marc:subfield>
      <marc:subfield code="a">900</marc:subfield>
      <marc:subfield code="b">10</marc:subfield>
      <marc:subfield code="a">D̲oyl</marc:subfield>
      <marc:subfield code="h">Konan</marc:subfield>
      <marc:subfield code="f">Sir</marc:subfield>
      <marc:subfield code="c">1859-1930</marc:subfield>
      <marc:subfield code="x">See</marc:subfield>
      <marc:subfield code="a">Doyle, Arthur Conan,</marc:subfield>
      <marc:subfield code="x">Sir, 1859-1930</marc:subfield>
      <marc:subfield code="z">100</marc:subfield>
    </marc:datafield>
    <marc:datafield tag="886" ind1="2" ind2=" ">
      <marc:subfield code="2">ukmarc</marc:subfield>
      <marc:subfield code="a">900</marc:subfield>
      <marc:subfield code="b">10</marc:subfield>
      <marc:subfield code="a">Doil</marc:subfield>
      <marc:subfield code="h">Kʿonan</marc:subfield>
      <marc:subfield code="f">Sir</marc:subfield>
      <marc:subfield code="c">1859-1930</marc:subfield>
      <marc:subfield code="x">See</marc:subfield>
      <marc:subfield code="a">Doyle, Arthur Conan,</marc:subfield>
      <marc:subfield code="x">Sir, 1859-1930</marc:subfield>
      <marc:subfield code="z">100</marc:subfield>
    </marc:datafield>
    <marc:datafield tag="886" ind1="2" ind2=" ">
      <marc:subfield code="2">ukmarc</marc:subfield>
      <marc:subfield code="a">900</marc:subfield>
      <marc:subfield code="b">10</marc:subfield>
      <marc:subfield code="a">Kʿonan Doil</marc:subfield>
      <marc:subfield code="f">Sir</marc:subfield>
      <marc:subfield code="k">Arthur</marc:subfield>
      <marc:subfield code="c">1859-1930</marc:subfield>
      <marc:subfield code="x">See</marc:subfield>
      <marc:subfield code="a">Doyle, Arthur Conan,</marc:subfield>
      <marc:subfield code="x">Sir, 1859-1930</marc:subfield>
      <marc:subfield code="z">100</marc:subfield>
    </marc:datafield>
    <marc:datafield tag="886" ind1="2" ind2=" ">
      <marc:subfield code="2">ukmarc</marc:subfield>
      <marc:subfield code="a">900</marc:subfield>
      <marc:subfield code="b">10</marc:subfield>
      <marc:subfield code="a">Dojl</marc:subfield>
      <marc:subfield code="h">Artur Konan</marc:subfield>
      <marc:subfield code="f">Sir</marc:subfield>
      <marc:subfield code="c">1859-1930</marc:subfield>
      <marc:subfield code="x">See</marc:subfield>
      <marc:subfield code="a">Doyle, Arthur Conan,</marc:subfield>
      <marc:subfield code="x">Sir, 1859-1930</marc:subfield>
      <marc:subfield code="z">100</marc:subfield>
    </marc:datafield>
    <marc:datafield tag="886" ind1="2" ind2=" ">
      <marc:subfield code="2">ukmarc</marc:subfield>
      <marc:subfield code="a">900</marc:subfield>
      <marc:subfield code="b">10</marc:subfield>
      <marc:subfield code="a">Dojl</marc:subfield>
      <marc:subfield code="h">Konan</marc:subfield>
      <marc:subfield code="f">Sir</marc:subfield>
      <marc:subfield code="c">1859-1930</marc:subfield>
      <marc:subfield code="x">See</marc:subfield>
      <marc:subfield code="a">Doyle, Arthur Conan,</marc:subfield>
      <marc:subfield code="x">Sir, 1859-1930</marc:subfield>
      <marc:subfield code="z">100</marc:subfield>
    </marc:datafield>
    <marc:datafield tag="886" ind1="2" ind2=" ">
      <marc:subfield code="2">ukmarc</marc:subfield>
      <marc:subfield code="a">900</marc:subfield>
      <marc:subfield code="b">10</marc:subfield>
      <marc:subfield code="a">Konan Dojl</marc:subfield>
      <marc:subfield code="f">Sir</marc:subfield>
      <marc:subfield code="k">Arthur</marc:subfield>
      <marc:subfield code="c">1859-1930</marc:subfield>
      <marc:subfield code="x">See</marc:subfield>
      <marc:subfield code="a">Doyle, Arthur Conan,</marc:subfield>
      <marc:subfield code="x">Sir, 1859-1930</marc:subfield>
      <marc:subfield code="z">100</marc:subfield>
    </marc:datafield>
    <marc:datafield tag="886" ind1="2" ind2=" ">
      <marc:subfield code="2">ukmarc</marc:subfield>
      <marc:subfield code="a">900</marc:subfield>
      <marc:subfield code="b">10</marc:subfield>
      <marc:subfield code="a">Doyle</marc:subfield>
      <marc:subfield code="h">A. Conan</marc:subfield>
      <marc:subfield code="k">Arthur Conan</marc:subfield>
      <marc:subfield code="f">Sir</marc:subfield>
      <marc:subfield code="c">1859- 1930</marc:subfield>
      <marc:subfield code="x">See</marc:subfield>
      <marc:subfield code="a">Doyle, Arthur Conan,</marc:subfield>
      <marc:subfield code="x">Sir, 1859-1930</marc:subfield>
      <marc:subfield code="z">100</marc:subfield>
    </marc:datafield>
    <marc:datafield tag="830" ind1=" " ind2="0">
      <marc:subfield code="a">100 pages.</marc:subfield>
    </marc:datafield>
  </marc:record>