
  <marc:record source="doyle.bl.library.author.xml">
    <marc:leader>01124 am a2200349ua 4500</marc:leader>
    <marc:controlfield tag="001">007375715</marc:controlfield>
    <marc:controlfield tag="003">Uk</marc:controlfield>
    <marc:controlfield tag="005">20151125094840.0</marc:controlfield>
    <marc:controlfield tag="008">840514s1983    enka   j|     000 1|eng  </marc:controlfield>
    <marc:datafield tag="015" ind1=" " ind2=" ">
      <marc:subfield code="a">GB8419119</marc:subfield>
      <marc:subfield code="2">bnb</marc:subfield>
    </marc:datafield>
    <marc:datafield tag="019" ind1="y" ind2=" ">
      <marc:subfield code="a">b8419119</marc:subfield>
    </marc:datafield>
    <marc:datafield tag="019" ind1="9" ind2=" ">
      <marc:subfield code="a">0435270915</marc:subfield>
    </marc:datafield>
    <marc:datafield tag="019" ind1="1" ind2=" ">
      <marc:subfield code="a">0435270915</marc:subfield>
    </marc:datafield>
    <marc:datafield tag="020" ind1=" " ind2=" ">
      <marc:subfield code="a">0435270915 (pbk) :</marc:subfield>
      <marc:subfield code="c">£0.80</marc:subfield>
    </marc:datafield>
    <marc:datafield tag="039" ind1="0" ind2=" ">
      <marc:subfield code="a">1790</marc:subfield>
    </marc:datafield>
    <marc:datafield tag="040" ind1=" " ind2=" ">
      <marc:subfield code="a">Uk</marc:subfield>
      <marc:subfield code="c">Uk</marc:subfield>
    </marc:datafield>
    <marc:datafield tag="050" ind1="0" ind2="0">
      <marc:subfield code="a">PE1128</marc:subfield>
    </marc:datafield>
    <marc:datafield tag="082" ind1="0" ind2="4">
      <marc:subfield code="a">428/.6/4</marc:subfield>
      <marc:subfield code="2">18</marc:subfield>
    </marc:datafield>
    <marc:datafield tag="082" ind1="0" ind2="4">
      <marc:subfield code="a">428.6/4</marc:subfield>
      <marc:subfield code="2">19</marc:subfield>
    </marc:datafield>
    <marc:datafield tag="100" ind1="1" ind2=" ">
      <marc:subfield code="a">Collins, Anne</marc:subfield>
      <marc:subfield code="d">1952 June 25-</marc:subfield>
      <marc:subfield code="1p">collinsanne</marc:subfield>
    </marc:datafield>
    <marc:datafield tag="245" ind1="1" ind2="4">
      <marc:subfield code="a">The sign of four /</marc:subfield>
      <marc:subfield code="c">Sir Arthur Conan Doyle ; retold by Anne Collins ; illustrated by Kay
        Mary Wilson.</marc:subfield>
    </marc:datafield>
    <marc:datafield tag="260" ind1=" " ind2=" ">
      <marc:subfield code="a">London :</marc:subfield>
      <marc:subfield code="b">Heinemann Educational,</marc:subfield>
      <marc:subfield code="c">1983.</marc:subfield>
    </marc:datafield>
    <marc:datafield tag="300" ind1=" " ind2=" ">
      <marc:subfield code="a">58p. :</marc:subfield>
      <marc:subfield code="b">ill. ;</marc:subfield>
      <marc:subfield code="c">18cm.</marc:subfield>
    </marc:datafield>
    <marc:datafield tag="336" ind1=" " ind2=" ">
      <marc:subfield code="a">text</marc:subfield>
      <marc:subfield code="2">rdacontent</marc:subfield>
    </marc:datafield>
    <marc:datafield tag="337" ind1=" " ind2=" ">
      <marc:subfield code="a">unmediated</marc:subfield>
      <marc:subfield code="2">rdamedia</marc:subfield>
    </marc:datafield>
    <marc:datafield tag="338" ind1=" " ind2=" ">
      <marc:subfield code="a">volume</marc:subfield>
      <marc:subfield code="2">rdacarrier</marc:subfield>
    </marc:datafield>
    <marc:datafield tag="490" ind1="0" ind2=" ">
      <marc:subfield code="a">Heinemann guided readers. Intermediate level ;</marc:subfield>
      <marc:subfield code="v">32</marc:subfield>
    </marc:datafield>
    <marc:datafield tag="650" ind1=" " ind2="0">
      <marc:subfield code="a">English language</marc:subfield>
      <marc:subfield code="x">Text-books for foreign speakers.</marc:subfield>
    </marc:datafield>
    <marc:datafield tag="650" ind1=" " ind2="0">
      <marc:subfield code="a">Readers</marc:subfield>
      <marc:subfield code="y">1950-.</marc:subfield>
    </marc:datafield>
    <marc:datafield tag="653" ind1=" " ind2=" ">
      <marc:subfield code="a">English language</marc:subfield>
      <marc:subfield code="a">For non-English speaking students</marc:subfield>
      <marc:subfield code="a">Texts</marc:subfield>
    </marc:datafield>
    <marc:datafield tag="700" ind1="1" ind2=" ">
      <marc:subfield code="a">Doyle, Arthur Conan</marc:subfield>
      <marc:subfield code="d">1859-1930.</marc:subfield>
      <marc:subfield code="t">Sign of four.</marc:subfield>
      <marc:subfield code="1p">http://viaf.org/viaf/65283845</marc:subfield>
      <marc:subfield code="1w">http://viaf.org/viaf/184892317</marc:subfield>
      <marc:subfield code="4">http://rdaregistry.info/Elements/w/adaptationOfWork.en</marc:subfield>
    </marc:datafield>
    <marc:datafield tag="700" ind1="1" ind2=" ">
      <marc:subfield code="a">Wilson, Kay Mary.</marc:subfield>
      <marc:subfield code="1p">wilsonkaymary</marc:subfield>
      <marc:subfield code="4">art</marc:subfield>
    </marc:datafield>
  </marc:record>