
  <marc:record source="doyle.bl.library.author.xml">
    <marc:leader>01945pam a2200469 a 4500</marc:leader>
    <marc:controlfield tag="001">015884728</marc:controlfield>
    <marc:controlfield tag="003">Uk</marc:controlfield>
    <marc:controlfield tag="005">20180703174555.0</marc:controlfield>
    <marc:controlfield tag="008">100827s2012    mnua   j 6b   000 1 eng  </marc:controlfield>
    <marc:datafield tag="010" ind1=" " ind2=" ">
      <marc:subfield code="a"> 2010031983</marc:subfield>
    </marc:datafield>
    <marc:datafield tag="015" ind1=" " ind2=" ">
      <marc:subfield code="a">GBB1A5562</marc:subfield>
      <marc:subfield code="2">bnb</marc:subfield>
    </marc:datafield>
    <marc:datafield tag="016" ind1="7" ind2=" ">
      <marc:subfield code="a">015884728</marc:subfield>
      <marc:subfield code="2">Uk</marc:subfield>
    </marc:datafield>
    <marc:datafield tag="020" ind1=" " ind2=" ">
      <marc:subfield code="a">9780761370963 (pbk.) :</marc:subfield>
      <marc:subfield code="c">£7.99</marc:subfield>
    </marc:datafield>
    <marc:datafield tag="020" ind1=" " ind2=" ">
      <marc:subfield code="a">076137096X (pbk.) :</marc:subfield>
      <marc:subfield code="c">£7.99</marc:subfield>
    </marc:datafield>
    <marc:datafield tag="020" ind1=" " ind2=" ">
      <marc:subfield code="a">9780761370888 (lib. bdg.)</marc:subfield>
    </marc:datafield>
    <marc:datafield tag="040" ind1=" " ind2=" ">
      <marc:subfield code="a">StDuBDS</marc:subfield>
      <marc:subfield code="b">eng</marc:subfield>
      <marc:subfield code="c">StDuBDS</marc:subfield>
      <marc:subfield code="d">Uk</marc:subfield>
    </marc:datafield>
    <marc:datafield tag="042" ind1=" " ind2=" ">
      <marc:subfield code="a">ukblsr</marc:subfield>
    </marc:datafield>
    <marc:datafield tag="050" ind1="0" ind2="0">
      <marc:subfield code="a">PZ7.7.S46</marc:subfield>
      <marc:subfield code="b">Shn 2012</marc:subfield>
    </marc:datafield>
    <marc:datafield tag="082" ind1="0" ind2="4">
      <marc:subfield code="a">741.5973</marc:subfield>
      <marc:subfield code="2">23</marc:subfield>
    </marc:datafield>
    <marc:datafield tag="100" ind1="1" ind2="0">
      <marc:subfield code="a">Shaw, Murray.</marc:subfield>
      <marc:subfield code="4">cre</marc:subfield>
      <marc:subfield code="1p">shawmurray</marc:subfield>
    </marc:datafield>
    <marc:datafield tag="245" ind1="1" ind2="0">
      <marc:subfield code="a">Sherlock Holmes and the adventure of the six Napoleons
        /</marc:subfield>
      <marc:subfield code="c">based on the stories of Sir Arthur Conan Doyle ; adapted by Murray
        Shaw and M.J. Cosson ; illustrated by Sophie Rohrbach and J.T. Morrow.</marc:subfield>
    </marc:datafield>
    <marc:datafield tag="246" ind1="3" ind2="0">
      <marc:subfield code="a">Adventure of the six Napoleons</marc:subfield>
    </marc:datafield>
    <marc:datafield tag="260" ind1=" " ind2=" ">
      <marc:subfield code="a">Minneapolis :</marc:subfield>
      <marc:subfield code="b">Graphic Universe,</marc:subfield>
      <marc:subfield code="c">c2012.</marc:subfield>
    </marc:datafield>
    <marc:datafield tag="300" ind1=" " ind2=" ">
      <marc:subfield code="a">48 p. :</marc:subfield>
      <marc:subfield code="b">col. ill. ;</marc:subfield>
      <marc:subfield code="c">24 cm.</marc:subfield>
    </marc:datafield>
    <marc:datafield tag="336" ind1=" " ind2=" ">
      <marc:subfield code="a">text</marc:subfield>
      <marc:subfield code="2">rdacontent</marc:subfield>
    </marc:datafield>
    <marc:datafield tag="337" ind1=" " ind2=" ">
      <marc:subfield code="a">unmediated</marc:subfield>
      <marc:subfield code="2">rdamedia</marc:subfield>
    </marc:datafield>
    <marc:datafield tag="338" ind1=" " ind2=" ">
      <marc:subfield code="a">volume</marc:subfield>
      <marc:subfield code="2">rdacarrier</marc:subfield>
    </marc:datafield>
    <marc:datafield tag="490" ind1="0" ind2=" ">
      <marc:subfield code="a">On the case with Holmes and Watson ;</marc:subfield>
      <marc:subfield code="v">#9</marc:subfield>
    </marc:datafield>
    <marc:datafield tag="504" ind1=" " ind2=" ">
      <marc:subfield code="a">Includes bibliographical references.</marc:subfield>
    </marc:datafield>
    <marc:datafield tag="520" ind1=" " ind2=" ">
      <marc:subfield code="a">Retold in graphic novel form, Sherlock Holmes investigates why busts
        of Napoleon are being smashed throughout London. Includes a section explaining Holmes's
        reasoning and the clues he used to solve the mystery.</marc:subfield>
    </marc:datafield>
    <marc:datafield tag="500" ind1=" " ind2=" ">
      <marc:subfield code="a">Formerly CIP.</marc:subfield>
      <marc:subfield code="5">Uk</marc:subfield>
    </marc:datafield>
    <marc:datafield tag="655" ind1=" " ind2="7">
      <marc:subfield code="a">Children's stories</marc:subfield>
      <marc:subfield code="v">Comic books, strips, etc.</marc:subfield>
      <marc:subfield code="2">gsafd</marc:subfield>
    </marc:datafield>
    <marc:datafield tag="655" ind1=" " ind2="0">
      <marc:subfield code="a">Graphic novels.</marc:subfield>
    </marc:datafield>
    <marc:datafield tag="650" ind1=" " ind2="1">
      <marc:subfield code="a">Graphic novels.</marc:subfield>
    </marc:datafield>
    <marc:datafield tag="600" ind1="1" ind2="1">
      <marc:subfield code="a">Doyle, Arthur Conan</marc:subfield>
      <marc:subfield code="d">1859-1930.</marc:subfield>
      <marc:subfield code="t">Adventure of the six Napoleons</marc:subfield>
      <marc:subfield code="v">Adaptations.</marc:subfield>
      <marc:subfield code="1p">http://viaf.org/viaf/65283845</marc:subfield>
      <marc:subfield code="1w">http://www.wikidata.org/entity/Q3235556</marc:subfield>
    </marc:datafield>
    <marc:datafield tag="650" ind1=" " ind2="1">
      <marc:subfield code="a">Mystery and detective stories.</marc:subfield>
    </marc:datafield>
    <marc:datafield tag="651" ind1=" " ind2="1">
      <marc:subfield code="a">London (England)</marc:subfield>
      <marc:subfield code="x">History</marc:subfield>
      <marc:subfield code="y">19th century</marc:subfield>
      <marc:subfield code="v">Fiction.</marc:subfield>
    </marc:datafield>
    <marc:datafield tag="651" ind1=" " ind2="1">
      <marc:subfield code="a">Great Britain</marc:subfield>
      <marc:subfield code="x">History</marc:subfield>
      <marc:subfield code="y">19th century</marc:subfield>
      <marc:subfield code="v">Fiction.</marc:subfield>
    </marc:datafield>
    <marc:datafield tag="700" ind1="1" ind2=" ">
      <marc:subfield code="a">Cosson, M. J.</marc:subfield>
      <marc:subfield code="4">cre</marc:subfield>
      <marc:subfield code="1p">cossonmj</marc:subfield>
    </marc:datafield>
    <marc:datafield tag="700" ind1="1" ind2=" ">
      <marc:subfield code="a">Rohrbach, Sophie.</marc:subfield>
      <marc:subfield code="4">ill</marc:subfield>
      <marc:subfield code="1p">rohrbachsophie</marc:subfield>
    </marc:datafield>
    <marc:datafield tag="700" ind1="1" ind2=" ">
      <marc:subfield code="a">Morrow, J. T.</marc:subfield>
      <marc:subfield code="4">ill</marc:subfield>
      <marc:subfield code="1p">morrowjt</marc:subfield>
    </marc:datafield>
    <marc:datafield tag="700" ind1="1" ind2=" ">
      <marc:subfield code="a">Doyle, Arthur Conan</marc:subfield>
      <marc:subfield code="d">1859-1930.</marc:subfield>
      <marc:subfield code="t">Adventure of the six Napoleons.</marc:subfield>
      <marc:subfield code="1p">http://viaf.org/viaf/65283845</marc:subfield>
      <marc:subfield code="1w">http://www.wikidata.org/entity/Q3235556</marc:subfield>
      <marc:subfield code="4">http://rdaregistry.info/Elements/w/adaptationOfWork.en</marc:subfield>
    </marc:datafield>
  </marc:record>