
  <marc:record source="doyle.bl.library.author.xml">
    <marc:leader>01343pam a22003731i 4500</marc:leader>
    <marc:controlfield tag="001">017872722</marc:controlfield>
    <marc:controlfield tag="003">Uk</marc:controlfield>
    <marc:controlfield tag="005">20160827021310.0</marc:controlfield>
    <marc:controlfield tag="006">m || d | </marc:controlfield>
    <marc:controlfield tag="007">cr |||||||||||</marc:controlfield>
    <marc:controlfield tag="008">160412s2016    enk     o     000|f|eng|d</marc:controlfield>
    <marc:datafield tag="015" ind1=" " ind2=" ">
      <marc:subfield code="a">GBB678655</marc:subfield>
      <marc:subfield code="2">bnb</marc:subfield>
    </marc:datafield>
    <marc:datafield tag="020" ind1=" " ind2=" ">
      <marc:subfield code="a">9781509826988 (ePub ebook) :</marc:subfield>
      <marc:subfield code="c">£0.99</marc:subfield>
    </marc:datafield>
    <marc:datafield tag="020" ind1=" " ind2=" ">
      <marc:subfield code="z">9781909621763 (hbk.) :</marc:subfield>
      <marc:subfield code="c">£8.99</marc:subfield>
    </marc:datafield>
    <marc:datafield tag="037" ind1=" " ind2=" ">
      <marc:subfield code="a">PanMacmillan73145</marc:subfield>
      <marc:subfield code="b">Ingram Content Group</marc:subfield>
    </marc:datafield>
    <marc:datafield tag="040" ind1=" " ind2=" ">
      <marc:subfield code="a">StDuBDS</marc:subfield>
      <marc:subfield code="b">eng</marc:subfield>
      <marc:subfield code="c">StDuBDS</marc:subfield>
      <marc:subfield code="d">Uk</marc:subfield>
      <marc:subfield code="e">rda</marc:subfield>
      <marc:subfield code="e">pn</marc:subfield>
    </marc:datafield>
    <marc:datafield tag="082" ind1="0" ind2="4">
      <marc:subfield code="a">823.912</marc:subfield>
      <marc:subfield code="2">23</marc:subfield>
    </marc:datafield>
    <marc:datafield tag="100" ind1="1" ind2=" ">
      <marc:subfield code="a">Doyle, Arthur Conan</marc:subfield>
      <marc:subfield code="d">1859-1930,</marc:subfield>
      <marc:subfield code="e">author.</marc:subfield>
      <marc:subfield code="4">aut</marc:subfield>
      <marc:subfield code="1p">http://viaf.org/viaf/65283845</marc:subfield>
    </marc:datafield>
    <marc:datafield tag="245" ind1="1" ind2="2">
      <marc:subfield code="a">A study in Scarlet ;</marc:subfield>
      <marc:subfield code="b">and, The sign of four /</marc:subfield>
      <marc:subfield code="c">Sir Arthur Conan Doyle.</marc:subfield>
    </marc:datafield>
    <marc:datafield tag="250" ind1=" " ind2=" ">
      <marc:subfield code="a">New edition /</marc:subfield>
      <marc:subfield code="b">afterword by David Stuart Davies.</marc:subfield>
    </marc:datafield>
    <marc:datafield tag="264" ind1=" " ind2="1">
      <marc:subfield code="a">London :</marc:subfield>
      <marc:subfield code="b">Macmillan Collector's Library,</marc:subfield>
      <marc:subfield code="c">2016.</marc:subfield>
    </marc:datafield>
    <marc:datafield tag="300" ind1=" " ind2=" ">
      <marc:subfield code="a">1 online resource.</marc:subfield>
    </marc:datafield>
    <marc:datafield tag="336" ind1=" " ind2=" ">
      <marc:subfield code="a">text</marc:subfield>
      <marc:subfield code="2">rdacontent</marc:subfield>
    </marc:datafield>
    <marc:datafield tag="337" ind1=" " ind2=" ">
      <marc:subfield code="a">computer</marc:subfield>
      <marc:subfield code="2">rdamedia</marc:subfield>
    </marc:datafield>
    <marc:datafield tag="338" ind1=" " ind2=" ">
      <marc:subfield code="a">online resource</marc:subfield>
      <marc:subfield code="2">rdacarrier</marc:subfield>
    </marc:datafield>
    <marc:datafield tag="490" ind1="1" ind2=" ">
      <marc:subfield code="a">Macmillan Collector's Library</marc:subfield>
      <marc:subfield code="v">28</marc:subfield>
    </marc:datafield>
    <marc:datafield tag="588" ind1=" " ind2=" ">
      <marc:subfield code="a">Description based on CIP data; item not viewed.</marc:subfield>
    </marc:datafield>
    <marc:datafield tag="600" ind1="1" ind2="0">
      <marc:subfield code="a">Holmes, Sherlock</marc:subfield>
      <marc:subfield code="v">Fiction.</marc:subfield>
      <marc:subfield code="1p">http://viaf.org/viaf/173636607</marc:subfield>
    </marc:datafield>
    <marc:datafield tag="600" ind1="1" ind2="0">
      <marc:subfield code="a">Watson, John H.</marc:subfield>
      <marc:subfield code="c">(Fictitious character)</marc:subfield>
      <marc:subfield code="v">Fiction.</marc:subfield>
      <marc:subfield code="1p">http://viaf.org/viaf/308763542</marc:subfield>
    </marc:datafield>
    <marc:datafield tag="650" ind1=" " ind2="0">
      <marc:subfield code="a">Detective and mystery stories, English.</marc:subfield>
    </marc:datafield>
    <marc:datafield tag="700" ind1="1" ind2="2">
      <marc:subfield code="a">Doyle, Arthur Conan</marc:subfield>
      <marc:subfield code="d">1859-1930.</marc:subfield>
      <marc:subfield code="t">Sign of four.</marc:subfield>
      <marc:subfield code="1p">http://viaf.org/viaf/65283845</marc:subfield>
      <marc:subfield code="1w">http://viaf.org/viaf/184892317</marc:subfield>
    </marc:datafield>
    <marc:datafield tag="700" ind1="1" ind2="2">
      <marc:subfield code="a">Doyle, Arthur Conan</marc:subfield>
      <marc:subfield code="d">1859-1930.</marc:subfield>
      <marc:subfield code="t">Study in scarlet.</marc:subfield>
      <marc:subfield code="1p">http://viaf.org/viaf/65283845</marc:subfield>
      <marc:subfield code="1w">http://viaf.org/viaf/179061639</marc:subfield>
    </marc:datafield>
    <marc:datafield tag="776" ind1="0" ind2="8">
      <marc:subfield code="i">Print version :</marc:subfield>
      <marc:subfield code="z">9781909621763</marc:subfield>
    </marc:datafield>
    <marc:datafield tag="859" ind1=" " ind2=" ">
      <marc:subfield code="a">ELD</marc:subfield>
      <marc:subfield code="b">ebook</marc:subfield>
    </marc:datafield>
  </marc:record>