
  <marc:record source="doyle.bl.library.author.xml">
    <marc:leader>01148nam a22003251i 4500</marc:leader>
    <marc:controlfield tag="001">017871320</marc:controlfield>
    <marc:controlfield tag="003">Uk</marc:controlfield>
    <marc:controlfield tag="005">20180728152122.0</marc:controlfield>
    <marc:controlfield tag="008">160412s2016    enka          000|j|eng|d</marc:controlfield>
    <marc:datafield tag="015" ind1=" " ind2=" ">
      <marc:subfield code="a">GBB677254</marc:subfield>
      <marc:subfield code="2">bnb</marc:subfield>
    </marc:datafield>
    <marc:datafield tag="016" ind1="7" ind2=" ">
      <marc:subfield code="a">017871320</marc:subfield>
      <marc:subfield code="2">Uk</marc:subfield>
    </marc:datafield>
    <marc:datafield tag="020" ind1=" " ind2=" ">
      <marc:subfield code="a">9781909621794 (hbk.) :</marc:subfield>
      <marc:subfield code="c">£8.99</marc:subfield>
    </marc:datafield>
    <marc:datafield tag="020" ind1=" " ind2=" ">
      <marc:subfield code="z">9781509827015 (ePub ebook) :</marc:subfield>
      <marc:subfield code="c">£0.99</marc:subfield>
    </marc:datafield>
    <marc:datafield tag="040" ind1=" " ind2=" ">
      <marc:subfield code="a">StDuBDS</marc:subfield>
      <marc:subfield code="b">eng</marc:subfield>
      <marc:subfield code="c">StDuBDS</marc:subfield>
      <marc:subfield code="d">Uk</marc:subfield>
      <marc:subfield code="e">rda</marc:subfield>
    </marc:datafield>
    <marc:datafield tag="042" ind1=" " ind2=" ">
      <marc:subfield code="a">ukblsr</marc:subfield>
    </marc:datafield>
    <marc:datafield tag="082" ind1="0" ind2="4">
      <marc:subfield code="a">823.912</marc:subfield>
      <marc:subfield code="2">23</marc:subfield>
    </marc:datafield>
    <marc:datafield tag="100" ind1="1" ind2=" ">
      <marc:subfield code="a">Doyle, Arthur Conan</marc:subfield>
      <marc:subfield code="d">1859-1930,</marc:subfield>
      <marc:subfield code="e">author.</marc:subfield>
      <marc:subfield code="4">aut</marc:subfield>
      <marc:subfield code="1p">http://viaf.org/viaf/65283845</marc:subfield>
    </marc:datafield>
    <marc:datafield tag="240" ind1="1" ind2="0">
      <marc:subfield code="a">Sherlock Holmes</marc:subfield>
      <marc:subfield code="1w">http://viaf.org/viaf/174141344</marc:subfield>
      <marc:subfield code="2">generated from 245</marc:subfield>
    </marc:datafield>
    <marc:datafield tag="245" ind1="1" ind2="0">
      <marc:subfield code="a">Sherlock Holmes :</marc:subfield>
      <marc:subfield code="b">the dark mysteries /</marc:subfield>
      <marc:subfield code="c">Arthur Conan Doyle ; illustrated by Sidney Paget.</marc:subfield>
    </marc:datafield>
    <marc:datafield tag="250" ind1=" " ind2=" ">
      <marc:subfield code="a">New edition /</marc:subfield>
      <marc:subfield code="b">introduction by David Stuart Davies.</marc:subfield>
    </marc:datafield>
    <marc:datafield tag="264" ind1=" " ind2="1">
      <marc:subfield code="a">London :</marc:subfield>
      <marc:subfield code="b">Macmillan Collector's Library,</marc:subfield>
      <marc:subfield code="c">2016.</marc:subfield>
    </marc:datafield>
    <marc:datafield tag="300" ind1=" " ind2=" ">
      <marc:subfield code="a">459 pages :</marc:subfield>
      <marc:subfield code="b">illustrations ;</marc:subfield>
      <marc:subfield code="c">15 cm</marc:subfield>
    </marc:datafield>
    <marc:datafield tag="336" ind1=" " ind2=" ">
      <marc:subfield code="a">text</marc:subfield>
      <marc:subfield code="2">rdacontent</marc:subfield>
    </marc:datafield>
    <marc:datafield tag="336" ind1=" " ind2=" ">
      <marc:subfield code="a">still image</marc:subfield>
      <marc:subfield code="2">rdacontent</marc:subfield>
    </marc:datafield>
    <marc:datafield tag="337" ind1=" " ind2=" ">
      <marc:subfield code="a">unmediated</marc:subfield>
      <marc:subfield code="2">rdamedia</marc:subfield>
    </marc:datafield>
    <marc:datafield tag="338" ind1=" " ind2=" ">
      <marc:subfield code="a">volume</marc:subfield>
      <marc:subfield code="2">rdacarrier</marc:subfield>
    </marc:datafield>
    <marc:datafield tag="500" ind1=" " ind2=" ">
      <marc:subfield code="a">Formerly CIP.</marc:subfield>
      <marc:subfield code="5">Uk</marc:subfield>
    </marc:datafield>
    <marc:datafield tag="650" ind1=" " ind2="0">
      <marc:subfield code="a">Gothic fiction (Literary genre), English.</marc:subfield>
    </marc:datafield>
    <marc:datafield tag="700" ind1="1" ind2=" ">
      <marc:subfield code="a">Davies, David Stuart</marc:subfield>
      <marc:subfield code="d">1946-</marc:subfield>
      <marc:subfield code="e">editor.</marc:subfield>
      <marc:subfield code="1p">daviesdavidstuart</marc:subfield>
    </marc:datafield>
    <marc:datafield tag="700" ind1="1" ind2=" ">
      <marc:subfield code="a">Paget, Sidney</marc:subfield>
      <marc:subfield code="d">1860-1908,</marc:subfield>
      <marc:subfield code="e">illustrator.</marc:subfield>
      <marc:subfield code="4">ill</marc:subfield>
      <marc:subfield code="1p">http://viaf.org/viaf/2555146</marc:subfield>
    </marc:datafield>
    <marc:datafield tag="776" ind1="0" ind2="8">
      <marc:subfield code="i">ebook version :</marc:subfield>
      <marc:subfield code="z">9781509827015</marc:subfield>
    </marc:datafield>
  </marc:record>