
  <marc:record source="doyle.bl.library.author.xml">
    <marc:leader>01274 am a2200349ua 4500</marc:leader>
    <marc:controlfield tag="001">011941022</marc:controlfield>
    <marc:controlfield tag="003">Uk</marc:controlfield>
    <marc:controlfield tag="005">20170126141430.0</marc:controlfield>
    <marc:controlfield tag="008">990816s1999    enka   j|     000 1|eng  </marc:controlfield>
    <marc:datafield tag="015" ind1=" " ind2=" ">
      <marc:subfield code="a">GB99W4303</marc:subfield>
      <marc:subfield code="2">bnb</marc:subfield>
    </marc:datafield>
    <marc:datafield tag="019" ind1="y" ind2=" ">
      <marc:subfield code="a">b99W4303</marc:subfield>
    </marc:datafield>
    <marc:datafield tag="019" ind1="9" ind2=" ">
      <marc:subfield code="a">0192790420</marc:subfield>
    </marc:datafield>
    <marc:datafield tag="019" ind1="1" ind2=" ">
      <marc:subfield code="a">0192790420</marc:subfield>
    </marc:datafield>
    <marc:datafield tag="020" ind1=" " ind2=" ">
      <marc:subfield code="a">0192790420 (Pbk.) :</marc:subfield>
      <marc:subfield code="c">£9.99</marc:subfield>
    </marc:datafield>
    <marc:datafield tag="020" ind1=" " ind2=" ">
      <marc:subfield code="a">0192723812 (pbk.) :</marc:subfield>
      <marc:subfield code="c">£4.99</marc:subfield>
    </marc:datafield>
    <marc:datafield tag="039" ind1="0" ind2=" ">
      <marc:subfield code="a">2572</marc:subfield>
    </marc:datafield>
    <marc:datafield tag="040" ind1=" " ind2=" ">
      <marc:subfield code="a">StDuBDS</marc:subfield>
      <marc:subfield code="d">Uk</marc:subfield>
    </marc:datafield>
    <marc:datafield tag="082" ind1="0" ind2="4">
      <marc:subfield code="a">823.912</marc:subfield>
      <marc:subfield code="2">21</marc:subfield>
    </marc:datafield>
    <marc:datafield tag="100" ind1="1" ind2=" ">
      <marc:subfield code="a">Doyle, Arthur Conan</marc:subfield>
      <marc:subfield code="d">1859-1930.</marc:subfield>
      <marc:subfield code="1p">http://viaf.org/viaf/65283845</marc:subfield>
    </marc:datafield>
    <marc:datafield tag="240" ind1="1" ind2="0">
      <marc:subfield code="a">The Hound of the Baskervilles</marc:subfield>
      <marc:subfield code="1w">http://viaf.org/viaf/181625655</marc:subfield>
      <marc:subfield code="2">generated from 245</marc:subfield>
    </marc:datafield>
    <marc:datafield tag="245" ind1="1" ind2="0">
      <marc:subfield code="a">Arthur Conan Doyle's The hound of the Baskervilles /</marc:subfield>
      <marc:subfield code="c">adapted and illustrated by Chris Mould.</marc:subfield>
    </marc:datafield>
    <marc:datafield tag="260" ind1=" " ind2=" ">
      <marc:subfield code="a">Oxford :</marc:subfield>
      <marc:subfield code="b">Oxford University Press,</marc:subfield>
      <marc:subfield code="c">1999.</marc:subfield>
    </marc:datafield>
    <marc:datafield tag="300" ind1=" " ind2=" ">
      <marc:subfield code="a">[33]p. :</marc:subfield>
      <marc:subfield code="b">chiefly col. ill. ;</marc:subfield>
      <marc:subfield code="c">28cm.</marc:subfield>
    </marc:datafield>
    <marc:datafield tag="336" ind1=" " ind2=" ">
      <marc:subfield code="a">text</marc:subfield>
      <marc:subfield code="2">rdacontent</marc:subfield>
    </marc:datafield>
    <marc:datafield tag="337" ind1=" " ind2=" ">
      <marc:subfield code="a">unmediated</marc:subfield>
      <marc:subfield code="2">rdamedia</marc:subfield>
    </marc:datafield>
    <marc:datafield tag="338" ind1=" " ind2=" ">
      <marc:subfield code="a">volume</marc:subfield>
      <marc:subfield code="2">rdacarrier</marc:subfield>
    </marc:datafield>
    <marc:datafield tag="600" ind1="1" ind2="0">
      <marc:subfield code="a">Holmes, Sherlock</marc:subfield>
      <marc:subfield code="v">Juvenile fiction.</marc:subfield>
      <marc:subfield code="1p">http://viaf.org/viaf/173636607</marc:subfield>
    </marc:datafield>
    <marc:datafield tag="600" ind1="1" ind2="0">
      <marc:subfield code="a">Watson, John H.</marc:subfield>
      <marc:subfield code="c">(Fictitious character)</marc:subfield>
      <marc:subfield code="v">Juvenile fiction.</marc:subfield>
      <marc:subfield code="1p">http://viaf.org/viaf/308763542</marc:subfield>
    </marc:datafield>
    <marc:datafield tag="655" ind1="0" ind2="7">
      <marc:subfield code="a">Detective and mystery stories.</marc:subfield>
      <marc:subfield code="2">gsafd</marc:subfield>
    </marc:datafield>
    <marc:datafield tag="655" ind1="0" ind2="7">
      <marc:subfield code="a">Children's stories.</marc:subfield>
      <marc:subfield code="2">lcsh</marc:subfield>
    </marc:datafield>
    <marc:datafield tag="700" ind1="1" ind2=" ">
      <marc:subfield code="a">Mould, Chris.</marc:subfield>
      <marc:subfield code="1p">mouldchris</marc:subfield>
      <marc:subfield code="4">adp</marc:subfield>
    </marc:datafield>
    <marc:datafield tag="886" ind1="2" ind2=" ">
      <marc:subfield code="2">ukmarc</marc:subfield>
      <marc:subfield code="a">900</marc:subfield>
      <marc:subfield code="b">10</marc:subfield>
      <marc:subfield code="a">Doyle</marc:subfield>
      <marc:subfield code="h">A. Conan</marc:subfield>
      <marc:subfield code="x">See</marc:subfield>
      <marc:subfield code="a">Doyle,</marc:subfield>
      <marc:subfield code="x">Sir</marc:subfield>
      <marc:subfield code="a">Arthur Conan,</marc:subfield>
      <marc:subfield code="x">1859-1930</marc:subfield>
      <marc:subfield code="z">100</marc:subfield>
    </marc:datafield>
    <marc:datafield tag="886" ind1="2" ind2=" ">
      <marc:subfield code="2">ukmarc</marc:subfield>
      <marc:subfield code="a">900</marc:subfield>
      <marc:subfield code="b">10</marc:subfield>
      <marc:subfield code="a">Doyle</marc:subfield>
      <marc:subfield code="h">A. Conan</marc:subfield>
      <marc:subfield code="k">Arthur Conan</marc:subfield>
      <marc:subfield code="f">Sir</marc:subfield>
      <marc:subfield code="c">1859- 1930</marc:subfield>
      <marc:subfield code="x">See</marc:subfield>
      <marc:subfield code="a">Doyle, Arthur Conan,</marc:subfield>
      <marc:subfield code="x">Sir, 1859-1930</marc:subfield>
      <marc:subfield code="z">100</marc:subfield>
    </marc:datafield>
  </marc:record>