
  <marc:record source="doyle.bl.library.author.xml">
    <marc:leader>01630pam a2200385 a 4500</marc:leader>
    <marc:controlfield tag="001">015804832</marc:controlfield>
    <marc:controlfield tag="003">Uk</marc:controlfield>
    <marc:controlfield tag="005">20120423141730.0</marc:controlfield>
    <marc:controlfield tag="008">110401s2011    enk           000 j eng d</marc:controlfield>
    <marc:datafield tag="015" ind1=" " ind2=" ">
      <marc:subfield code="a">GBB156746</marc:subfield>
      <marc:subfield code="2">bnb</marc:subfield>
    </marc:datafield>
    <marc:datafield tag="016" ind1="7" ind2=" ">
      <marc:subfield code="a">015804832</marc:subfield>
      <marc:subfield code="2">Uk</marc:subfield>
    </marc:datafield>
    <marc:datafield tag="020" ind1=" " ind2=" ">
      <marc:subfield code="a">9781780280165 :</marc:subfield>
      <marc:subfield code="c">£10.99</marc:subfield>
    </marc:datafield>
    <marc:datafield tag="020" ind1=" " ind2=" ">
      <marc:subfield code="a">1780280165 :</marc:subfield>
      <marc:subfield code="c">£10.99</marc:subfield>
    </marc:datafield>
    <marc:datafield tag="040" ind1=" " ind2=" ">
      <marc:subfield code="a">StDuBDS</marc:subfield>
      <marc:subfield code="b">eng</marc:subfield>
      <marc:subfield code="c">StDuBDS</marc:subfield>
      <marc:subfield code="d">Uk</marc:subfield>
    </marc:datafield>
    <marc:datafield tag="042" ind1=" " ind2=" ">
      <marc:subfield code="a">ukblsr</marc:subfield>
    </marc:datafield>
    <marc:datafield tag="082" ind1="0" ind2="4">
      <marc:subfield code="a">823.0108375</marc:subfield>
      <marc:subfield code="2">22</marc:subfield>
    </marc:datafield>
    <marc:datafield tag="245" ind1="0" ind2="0">
      <marc:subfield code="a">Vampires :</marc:subfield>
      <marc:subfield code="b">the original stories : back in time to the first
        darkness.</marc:subfield>
    </marc:datafield>
    <marc:datafield tag="260" ind1=" " ind2=" ">
      <marc:subfield code="a">London :</marc:subfield>
      <marc:subfield code="b">Watkins,</marc:subfield>
      <marc:subfield code="c">2011.</marc:subfield>
    </marc:datafield>
    <marc:datafield tag="300" ind1=" " ind2=" ">
      <marc:subfield code="a">xiii, 336 p. ;</marc:subfield>
      <marc:subfield code="c">19 cm.</marc:subfield>
    </marc:datafield>
    <marc:datafield tag="336" ind1=" " ind2=" ">
      <marc:subfield code="a">text</marc:subfield>
      <marc:subfield code="2">rdacontent</marc:subfield>
    </marc:datafield>
    <marc:datafield tag="337" ind1=" " ind2=" ">
      <marc:subfield code="a">unmediated</marc:subfield>
      <marc:subfield code="2">rdamedia</marc:subfield>
    </marc:datafield>
    <marc:datafield tag="338" ind1=" " ind2=" ">
      <marc:subfield code="a">volume</marc:subfield>
      <marc:subfield code="2">rdacarrier</marc:subfield>
    </marc:datafield>
    <marc:datafield tag="505" ind1="0" ind2=" ">
      <marc:subfield code="a">Wake not the dead / Johann Ludwig Tieck -- The vampyre / John William
        Polidori -- The mysterious stranger / anonymous -- Dracula's guest / Bram Stoker -- Carmilla
        / J. Sheridan Le Fanu -- The adventure of the Sussex vampire / Arthur Conan Doyle -- The
        horla / Guy de Maupassant -- The room in the tower / E.F. Benson.</marc:subfield>
    </marc:datafield>
    <marc:datafield tag="500" ind1=" " ind2=" ">
      <marc:subfield code="a">Formerly CIP.</marc:subfield>
      <marc:subfield code="5">Uk</marc:subfield>
    </marc:datafield>
    <marc:datafield tag="650" ind1=" " ind2="0">
      <marc:subfield code="a">Vampires</marc:subfield>
      <marc:subfield code="v">Fiction.</marc:subfield>
    </marc:datafield>
    <marc:datafield tag="650" ind1=" " ind2="0">
      <marc:subfield code="a">Horror tales, English.</marc:subfield>
    </marc:datafield>
    <marc:datafield tag="700" ind1="1" ind2=" ">
      <marc:subfield code="a">Tieck, Ludwig</marc:subfield>
      <marc:subfield code="d">1773-1853.</marc:subfield>
      <marc:subfield code="1p">tieckludwig</marc:subfield>
    </marc:datafield>
    <marc:datafield tag="700" ind1="1" ind2="2">
      <marc:subfield code="a">Polidori, John William</marc:subfield>
      <marc:subfield code="d">1795-1821.</marc:subfield>
      <marc:subfield code="t">Vampyre.</marc:subfield>
      <marc:subfield code="1p">polidorijohnwilliam</marc:subfield>
    </marc:datafield>
    <marc:datafield tag="700" ind1="1" ind2="2">
      <marc:subfield code="a">Stoker, Bram</marc:subfield>
      <marc:subfield code="d">1847-1912.</marc:subfield>
      <marc:subfield code="t">Dracula's guest.</marc:subfield>
      <marc:subfield code="1p">stokerbram</marc:subfield>
    </marc:datafield>
    <marc:datafield tag="700" ind1="1" ind2="2">
      <marc:subfield code="a">Le Fanu, Joseph Sheridan</marc:subfield>
      <marc:subfield code="d">1814-1873.</marc:subfield>
      <marc:subfield code="t">Carmilla.</marc:subfield>
      <marc:subfield code="1p">lefanujosephsheridan</marc:subfield>
    </marc:datafield>
    <marc:datafield tag="700" ind1="1" ind2="2">
      <marc:subfield code="a">Doyle, Arthur Conan</marc:subfield>
      <marc:subfield code="d">1859-1930.</marc:subfield>
      <marc:subfield code="t">Adventure of the Sussex vampire.</marc:subfield>
      <marc:subfield code="1p">http://viaf.org/viaf/65283845</marc:subfield>
      <marc:subfield code="1w">http://www.wikidata.org/entity/Q2740092</marc:subfield>
    </marc:datafield>
    <marc:datafield tag="700" ind1="1" ind2="2">
      <marc:subfield code="a">Maupassant, Guy de</marc:subfield>
      <marc:subfield code="d">1850-1893.</marc:subfield>
      <marc:subfield code="t">Horla.</marc:subfield>
      <marc:subfield code="l">English.</marc:subfield>
      <marc:subfield code="1p">maupassantguyde</marc:subfield>
    </marc:datafield>
    <marc:datafield tag="700" ind1="1" ind2="2">
      <marc:subfield code="a">Benson, E. F.</marc:subfield>
      <marc:subfield code="q">(Edward Frederic),</marc:subfield>
      <marc:subfield code="d">1867-1940.</marc:subfield>
      <marc:subfield code="t">Room in the tower.</marc:subfield>
      <marc:subfield code="1p">bensonef</marc:subfield>
    </marc:datafield>
    <marc:datafield tag="740" ind1="0" ind2="2">
      <marc:subfield code="a">Wake not the dead.</marc:subfield>
    </marc:datafield>
    <marc:datafield tag="740" ind1="0" ind2="2">
      <marc:subfield code="a">Mysterious stranger.</marc:subfield>
    </marc:datafield>
  </marc:record>