
  <marc:record source="doyle.bl.library.author.xml">
    <marc:leader>00759 am a2200277ua 4500</marc:leader>
    <marc:controlfield tag="001">011929473</marc:controlfield>
    <marc:controlfield tag="003">Uk</marc:controlfield>
    <marc:controlfield tag="005">20160603122127.0</marc:controlfield>
    <marc:controlfield tag="008">821206s1982    enk    ||     000 1|eng  </marc:controlfield>
    <marc:datafield tag="015" ind1=" " ind2=" ">
      <marc:subfield code="a">GB8240377</marc:subfield>
      <marc:subfield code="2">bnb</marc:subfield>
    </marc:datafield>
    <marc:datafield tag="019" ind1="y" ind2=" ">
      <marc:subfield code="a">B8240377</marc:subfield>
    </marc:datafield>
    <marc:datafield tag="019" ind1="9" ind2=" ">
      <marc:subfield code="a">0140315578</marc:subfield>
    </marc:datafield>
    <marc:datafield tag="019" ind1="1" ind2=" ">
      <marc:subfield code="a">0140315578</marc:subfield>
    </marc:datafield>
    <marc:datafield tag="020" ind1=" " ind2=" ">
      <marc:subfield code="a">0140315578 (pbk) :</marc:subfield>
      <marc:subfield code="c">£0.95</marc:subfield>
    </marc:datafield>
    <marc:datafield tag="039" ind1="0" ind2=" ">
      <marc:subfield code="a">1718</marc:subfield>
    </marc:datafield>
    <marc:datafield tag="040" ind1=" " ind2=" ">
      <marc:subfield code="a">Uk</marc:subfield>
      <marc:subfield code="c">Uk</marc:subfield>
    </marc:datafield>
    <marc:datafield tag="082" ind1="0" ind2="4">
      <marc:subfield code="a">823/.9/1</marc:subfield>
      <marc:subfield code="2">18</marc:subfield>
    </marc:datafield>
    <marc:datafield tag="082" ind1="0" ind2="4">
      <marc:subfield code="a">823/.912</marc:subfield>
      <marc:subfield code="2">19</marc:subfield>
    </marc:datafield>
    <marc:datafield tag="100" ind1="1" ind2=" ">
      <marc:subfield code="a">Doyle, Arthur Conan</marc:subfield>
      <marc:subfield code="d">1859-1930.</marc:subfield>
      <marc:subfield code="1p">http://viaf.org/viaf/65283845</marc:subfield>
    </marc:datafield>
    <marc:datafield tag="240" ind1="1" ind2="0">
      <marc:subfield code="a">The Hound of the Baskervilles</marc:subfield>
      <marc:subfield code="1w">http://viaf.org/viaf/181625655</marc:subfield>
      <marc:subfield code="2">generated from 245</marc:subfield>
    </marc:datafield>
    <marc:datafield tag="245" ind1="1" ind2="4">
      <marc:subfield code="a">The hound of the Baskervilles /</marc:subfield>
      <marc:subfield code="c">Sir Arthur Conan Doyle.</marc:subfield>
    </marc:datafield>
    <marc:datafield tag="260" ind1=" " ind2=" ">
      <marc:subfield code="a">Harmondsworth :</marc:subfield>
      <marc:subfield code="b">Puffin,</marc:subfield>
      <marc:subfield code="c">1982.</marc:subfield>
    </marc:datafield>
    <marc:datafield tag="300" ind1=" " ind2=" ">
      <marc:subfield code="a">174p. ;</marc:subfield>
      <marc:subfield code="c">19cm.</marc:subfield>
    </marc:datafield>
    <marc:datafield tag="336" ind1=" " ind2=" ">
      <marc:subfield code="a">text</marc:subfield>
      <marc:subfield code="2">rdacontent</marc:subfield>
    </marc:datafield>
    <marc:datafield tag="337" ind1=" " ind2=" ">
      <marc:subfield code="a">unmediated</marc:subfield>
      <marc:subfield code="2">rdamedia</marc:subfield>
    </marc:datafield>
    <marc:datafield tag="338" ind1=" " ind2=" ">
      <marc:subfield code="a">volume</marc:subfield>
      <marc:subfield code="2">rdacarrier</marc:subfield>
    </marc:datafield>
    <marc:datafield tag="653" ind1=" " ind2=" ">
      <marc:subfield code="a">Fiction in English</marc:subfield>
      <marc:subfield code="a">1900-1945</marc:subfield>
      <marc:subfield code="a">Texts</marc:subfield>
    </marc:datafield>
  </marc:record>