
  <marc:record source="doyle.bl.library.author.xml">
    <marc:leader>00966nam a22003011a 4500</marc:leader>
    <marc:controlfield tag="001">015734538</marc:controlfield>
    <marc:controlfield tag="003">Uk</marc:controlfield>
    <marc:controlfield tag="005">20170214144515.0</marc:controlfield>
    <marc:controlfield tag="008">110113s2011    enk     d     000 j eng|d</marc:controlfield>
    <marc:datafield tag="015" ind1=" " ind2=" ">
      <marc:subfield code="a">GBB109506</marc:subfield>
      <marc:subfield code="2">bnb</marc:subfield>
    </marc:datafield>
    <marc:datafield tag="016" ind1="7" ind2=" ">
      <marc:subfield code="a">015734538</marc:subfield>
      <marc:subfield code="2">Uk</marc:subfield>
    </marc:datafield>
    <marc:datafield tag="020" ind1=" " ind2=" ">
      <marc:subfield code="a">9781444807127 (pbk.) :</marc:subfield>
      <marc:subfield code="c">£16.99</marc:subfield>
    </marc:datafield>
    <marc:datafield tag="020" ind1=" " ind2=" ">
      <marc:subfield code="a">1444807129 (pbk.) :</marc:subfield>
      <marc:subfield code="c">£16.99</marc:subfield>
    </marc:datafield>
    <marc:datafield tag="040" ind1=" " ind2=" ">
      <marc:subfield code="a">StDuBDS</marc:subfield>
      <marc:subfield code="b">eng</marc:subfield>
      <marc:subfield code="c">StDuBDS</marc:subfield>
      <marc:subfield code="d">Uk</marc:subfield>
    </marc:datafield>
    <marc:datafield tag="042" ind1=" " ind2=" ">
      <marc:subfield code="a">ukblsr</marc:subfield>
    </marc:datafield>
    <marc:datafield tag="082" ind1="0" ind2="4">
      <marc:subfield code="a">823.8</marc:subfield>
      <marc:subfield code="2">22</marc:subfield>
    </marc:datafield>
    <marc:datafield tag="100" ind1="1" ind2=" ">
      <marc:subfield code="a">Doyle, Arthur Conan</marc:subfield>
      <marc:subfield code="d">1859-1930.</marc:subfield>
      <marc:subfield code="1p">http://viaf.org/viaf/65283845</marc:subfield>
    </marc:datafield>
    <marc:datafield tag="240" ind1="1" ind2="0">
      <marc:subfield code="a">The Return of Sherlock Holmes</marc:subfield>
      <marc:subfield code="1w">http://www.wikidata.org/entity/Q725752</marc:subfield>
      <marc:subfield code="2">generated from 245</marc:subfield>
    </marc:datafield>
    <marc:datafield tag="245" ind1="1" ind2="4">
      <marc:subfield code="a">The return of Sherlock Holmes</marc:subfield>
      <marc:subfield code="h">[text (large print)] /</marc:subfield>
      <marc:subfield code="c">Sir Arthur Conan Doyle.</marc:subfield>
    </marc:datafield>
    <marc:datafield tag="260" ind1=" " ind2=" ">
      <marc:subfield code="a">Leicester :</marc:subfield>
      <marc:subfield code="b">Ulverscroft,</marc:subfield>
      <marc:subfield code="c">2011.</marc:subfield>
    </marc:datafield>
    <marc:datafield tag="300" ind1=" " ind2=" ">
      <marc:subfield code="a">1 v. (large print) ;</marc:subfield>
      <marc:subfield code="c">23 cm.</marc:subfield>
    </marc:datafield>
    <marc:datafield tag="336" ind1=" " ind2=" ">
      <marc:subfield code="a">text</marc:subfield>
      <marc:subfield code="2">rdacontent</marc:subfield>
    </marc:datafield>
    <marc:datafield tag="337" ind1=" " ind2=" ">
      <marc:subfield code="a">unmediated</marc:subfield>
      <marc:subfield code="2">rdamedia</marc:subfield>
    </marc:datafield>
    <marc:datafield tag="338" ind1=" " ind2=" ">
      <marc:subfield code="a">volume</marc:subfield>
      <marc:subfield code="2">rdacarrier</marc:subfield>
    </marc:datafield>
    <marc:datafield tag="500" ind1=" " ind2=" ">
      <marc:subfield code="a">Formerly CIP.</marc:subfield>
      <marc:subfield code="5">Uk</marc:subfield>
    </marc:datafield>
    <marc:datafield tag="600" ind1="1" ind2="0">
      <marc:subfield code="a">Holmes, Sherlock</marc:subfield>
      <marc:subfield code="v">Fiction.</marc:subfield>
      <marc:subfield code="1p">http://viaf.org/viaf/173636607</marc:subfield>
    </marc:datafield>
    <marc:datafield tag="600" ind1="1" ind2="0">
      <marc:subfield code="a">Watson, John H.</marc:subfield>
      <marc:subfield code="c">(Fictitious character)</marc:subfield>
      <marc:subfield code="v">Fiction.</marc:subfield>
      <marc:subfield code="1p">http://viaf.org/viaf/308763542</marc:subfield>
    </marc:datafield>
    <marc:datafield tag="650" ind1=" " ind2="0">
      <marc:subfield code="a">Detective and mystery stories, English.</marc:subfield>
    </marc:datafield>
    <marc:datafield tag="650" ind1=" " ind2="0">
      <marc:subfield code="a">Large type books.</marc:subfield>
    </marc:datafield>
  </marc:record>