
  <marc:record source="doyle.bl.library.author.xml">
    <marc:leader>00922 am a2200301ui 4500</marc:leader>
    <marc:controlfield tag="001">010548411</marc:controlfield>
    <marc:controlfield tag="005">20160603143200.0</marc:controlfield>
    <marc:controlfield tag="008">800925r19791905enk    ||     000 j|eng  </marc:controlfield>
    <marc:datafield tag="015" ind1=" " ind2=" ">
      <marc:subfield code="a">GB8026206</marc:subfield>
      <marc:subfield code="2">bnb</marc:subfield>
    </marc:datafield>
    <marc:datafield tag="019" ind1="y" ind2=" ">
      <marc:subfield code="a">B8026206</marc:subfield>
    </marc:datafield>
    <marc:datafield tag="019" ind1="9" ind2=" ">
      <marc:subfield code="a">b8026206</marc:subfield>
    </marc:datafield>
    <marc:datafield tag="019" ind1="1" ind2=" ">
      <marc:subfield code="a">b8026206</marc:subfield>
    </marc:datafield>
    <marc:datafield tag="020" ind1=" " ind2=" ">
      <marc:subfield code="a">0330246151 (pbk)</marc:subfield>
    </marc:datafield>
    <marc:datafield tag="020" ind1=" " ind2=" ">
      <marc:subfield code="c">£1.25</marc:subfield>
    </marc:datafield>
    <marc:datafield tag="040" ind1=" " ind2=" ">
      <marc:subfield code="a">Uk</marc:subfield>
      <marc:subfield code="c">Uk</marc:subfield>
    </marc:datafield>
    <marc:datafield tag="082" ind1="0" ind2="4">
      <marc:subfield code="a">823/.9/1</marc:subfield>
      <marc:subfield code="2">18</marc:subfield>
    </marc:datafield>
    <marc:datafield tag="100" ind1="1" ind2=" ">
      <marc:subfield code="a">Doyle, Arthur Conan</marc:subfield>
      <marc:subfield code="d">1859-1930.</marc:subfield>
      <marc:subfield code="1p">http://viaf.org/viaf/65283845</marc:subfield>
    </marc:datafield>
    <marc:datafield tag="240" ind1="1" ind2="0">
      <marc:subfield code="a">The Return of Sherlock Holmes</marc:subfield>
      <marc:subfield code="1w">http://www.wikidata.org/entity/Q725752</marc:subfield>
      <marc:subfield code="2">generated from 245</marc:subfield>
    </marc:datafield>
    <marc:datafield tag="245" ind1="1" ind2="4">
      <marc:subfield code="a">The return of Sherlock Holmes /</marc:subfield>
      <marc:subfield code="c">Sir Arthur Conan Doyle.</marc:subfield>
    </marc:datafield>
    <marc:datafield tag="250" ind1=" " ind2=" ">
      <marc:subfield code="a">[1st ed. reprinted] /</marc:subfield>
      <marc:subfield code="b">with an introduction by Angus Wilson.</marc:subfield>
    </marc:datafield>
    <marc:datafield tag="260" ind1=" " ind2=" ">
      <marc:subfield code="a">London :</marc:subfield>
      <marc:subfield code="b">Pan Books,</marc:subfield>
      <marc:subfield code="c">1979.</marc:subfield>
    </marc:datafield>
    <marc:datafield tag="300" ind1=" " ind2=" ">
      <marc:subfield code="a">350p. ;</marc:subfield>
      <marc:subfield code="c">18cm.</marc:subfield>
    </marc:datafield>
    <marc:datafield tag="336" ind1=" " ind2=" ">
      <marc:subfield code="a">text</marc:subfield>
      <marc:subfield code="2">rdacontent</marc:subfield>
    </marc:datafield>
    <marc:datafield tag="337" ind1=" " ind2=" ">
      <marc:subfield code="a">unmediated</marc:subfield>
      <marc:subfield code="2">rdamedia</marc:subfield>
    </marc:datafield>
    <marc:datafield tag="338" ind1=" " ind2=" ">
      <marc:subfield code="a">volume</marc:subfield>
      <marc:subfield code="2">rdacarrier</marc:subfield>
    </marc:datafield>
    <marc:datafield tag="500" ind1=" " ind2=" ">
      <marc:subfield code="a">This collection originally published: London : G. Newnes,
        1905.</marc:subfield>
    </marc:datafield>
    <marc:datafield tag="650" ind1=" " ind2="0">
      <marc:subfield code="a">Short stories, English.</marc:subfield>
    </marc:datafield>
    <marc:datafield tag="653" ind1=" " ind2=" ">
      <marc:subfield code="a">Short stories in English</marc:subfield>
      <marc:subfield code="a">1900-</marc:subfield>
      <marc:subfield code="a">Texts</marc:subfield>
    </marc:datafield>
  </marc:record>