
  <marc:record source="doyle.bl.library.author.xml">
    <marc:leader>00998 am a2200325ui 4500</marc:leader>
    <marc:controlfield tag="001">008765925</marc:controlfield>
    <marc:controlfield tag="003">Uk</marc:controlfield>
    <marc:controlfield tag="005">20160603091243.0</marc:controlfield>
    <marc:controlfield tag="008">760313r19761903enk     |     000 j eng  </marc:controlfield>
    <marc:datafield tag="015" ind1=" " ind2=" ">
      <marc:subfield code="a">GB7608639</marc:subfield>
      <marc:subfield code="2">bnb</marc:subfield>
    </marc:datafield>
    <marc:datafield tag="019" ind1="y" ind2=" ">
      <marc:subfield code="a">B7608639</marc:subfield>
    </marc:datafield>
    <marc:datafield tag="019" ind1="9" ind2=" ">
      <marc:subfield code="a">0719532264</marc:subfield>
    </marc:datafield>
    <marc:datafield tag="019" ind1="1" ind2=" ">
      <marc:subfield code="a">0719532264</marc:subfield>
    </marc:datafield>
    <marc:datafield tag="020" ind1=" " ind2=" ">
      <marc:subfield code="a">0224011391</marc:subfield>
    </marc:datafield>
    <marc:datafield tag="020" ind1=" " ind2=" ">
      <marc:subfield code="a">0719532264 :</marc:subfield>
      <marc:subfield code="c">£2.95</marc:subfield>
    </marc:datafield>
    <marc:datafield tag="040" ind1=" " ind2=" ">
      <marc:subfield code="a">Uk</marc:subfield>
      <marc:subfield code="c">Uk</marc:subfield>
    </marc:datafield>
    <marc:datafield tag="082" ind1="0" ind2="4">
      <marc:subfield code="a">823/.9/1</marc:subfield>
      <marc:subfield code="2">18</marc:subfield>
    </marc:datafield>
    <marc:datafield tag="100" ind1="1" ind2=" ">
      <marc:subfield code="a">Doyle, Arthur Conan</marc:subfield>
      <marc:subfield code="d">1859-1930.</marc:subfield>
      <marc:subfield code="1p">http://viaf.org/viaf/65283845</marc:subfield>
    </marc:datafield>
    <marc:datafield tag="240" ind1="1" ind2="0">
      <marc:subfield code="a"/>
      <marc:subfield code="1w">http://viaf.org/viaf/6035152865746704940001</marc:subfield>
      <marc:subfield code="2">generated from 245</marc:subfield>
    </marc:datafield>
    <marc:datafield tag="245" ind1="1" ind2="0">
      <marc:subfield code="a">Adventures of Gerard /</marc:subfield>
      <marc:subfield code="c">Sir Arthur Conan Doyle.</marc:subfield>
    </marc:datafield>
    <marc:datafield tag="250" ind1=" " ind2=" ">
      <marc:subfield code="a">[1st ed. reprinted] /</marc:subfield>
      <marc:subfield code="b">with an introduction by Elizabeth Longford.</marc:subfield>
    </marc:datafield>
    <marc:datafield tag="260" ind1=" " ind2=" ">
      <marc:subfield code="a">London :</marc:subfield>
      <marc:subfield code="b">J. Murray :</marc:subfield>
      <marc:subfield code="b">Cape,</marc:subfield>
      <marc:subfield code="c">1976.</marc:subfield>
    </marc:datafield>
    <marc:datafield tag="300" ind1=" " ind2=" ">
      <marc:subfield code="a">191p. ;</marc:subfield>
      <marc:subfield code="c">21cm.</marc:subfield>
    </marc:datafield>
    <marc:datafield tag="336" ind1=" " ind2=" ">
      <marc:subfield code="a">text</marc:subfield>
      <marc:subfield code="2">rdacontent</marc:subfield>
    </marc:datafield>
    <marc:datafield tag="337" ind1=" " ind2=" ">
      <marc:subfield code="a">unmediated</marc:subfield>
      <marc:subfield code="2">rdamedia</marc:subfield>
    </marc:datafield>
    <marc:datafield tag="338" ind1=" " ind2=" ">
      <marc:subfield code="a">volume</marc:subfield>
      <marc:subfield code="2">rdacarrier</marc:subfield>
    </marc:datafield>
    <marc:datafield tag="500" ind1=" " ind2=" ">
      <marc:subfield code="a">This collection originally published: London : G. Newnes,
        1903.</marc:subfield>
    </marc:datafield>
    <marc:datafield tag="650" ind1=" " ind2="0">
      <marc:subfield code="a">Short stories, English.</marc:subfield>
    </marc:datafield>
    <marc:datafield tag="653" ind1=" " ind2=" ">
      <marc:subfield code="a">Short stories in English</marc:subfield>
      <marc:subfield code="a">1900-</marc:subfield>
      <marc:subfield code="a">Texts</marc:subfield>
    </marc:datafield>
    <marc:datafield tag="655" ind1=" " ind2="7">
      <marc:subfield code="a">Adventure stories.</marc:subfield>
      <marc:subfield code="2">gsafd</marc:subfield>
    </marc:datafield>
  </marc:record>