
  <marc:record source="doyle.bl.library.author.xml">
    <marc:leader>01040 am a2200313ua 4500</marc:leader>
    <marc:controlfield tag="001">010093412</marc:controlfield>
    <marc:controlfield tag="003">Uk</marc:controlfield>
    <marc:controlfield tag="005">20160727161206.0</marc:controlfield>
    <marc:controlfield tag="008">960621s1996    enka   ||     000 1|eng  </marc:controlfield>
    <marc:datafield tag="015" ind1=" " ind2=" ">
      <marc:subfield code="a">GB9651944</marc:subfield>
      <marc:subfield code="2">bnb</marc:subfield>
    </marc:datafield>
    <marc:datafield tag="019" ind1="y" ind2=" ">
      <marc:subfield code="a">b9651944</marc:subfield>
    </marc:datafield>
    <marc:datafield tag="019" ind1="9" ind2=" ">
      <marc:subfield code="a">0748724818</marc:subfield>
    </marc:datafield>
    <marc:datafield tag="019" ind1="1" ind2=" ">
      <marc:subfield code="a">0748724818</marc:subfield>
    </marc:datafield>
    <marc:datafield tag="020" ind1=" " ind2=" ">
      <marc:subfield code="a">0748724818 (pbk) :</marc:subfield>
      <marc:subfield code="c">No price</marc:subfield>
    </marc:datafield>
    <marc:datafield tag="039" ind1="0" ind2=" ">
      <marc:subfield code="a">2396</marc:subfield>
    </marc:datafield>
    <marc:datafield tag="040" ind1=" " ind2=" ">
      <marc:subfield code="a">Uk</marc:subfield>
      <marc:subfield code="c">Uk</marc:subfield>
    </marc:datafield>
    <marc:datafield tag="082" ind1="0" ind2="4">
      <marc:subfield code="a">823.912</marc:subfield>
      <marc:subfield code="2">20</marc:subfield>
    </marc:datafield>
    <marc:datafield tag="100" ind1="1" ind2=" ">
      <marc:subfield code="a">Doyle, Arthur Conan</marc:subfield>
      <marc:subfield code="d">1859-1930.</marc:subfield>
      <marc:subfield code="1p">http://viaf.org/viaf/65283845</marc:subfield>
    </marc:datafield>
    <marc:datafield tag="240" ind1="1" ind2="0">
      <marc:subfield code="a">The Lost World</marc:subfield>
      <marc:subfield code="1w">http://viaf.org/viaf/294145857904223021237</marc:subfield>
      <marc:subfield code="2">generated from 245</marc:subfield>
    </marc:datafield>
    <marc:datafield tag="245" ind1="1" ind2="4">
      <marc:subfield code="a">The lost world /</marc:subfield>
      <marc:subfield code="c">by Arthur Conan Doyle ; edited by Sarah Matthews.</marc:subfield>
    </marc:datafield>
    <marc:datafield tag="260" ind1=" " ind2=" ">
      <marc:subfield code="a">Cheltenham :</marc:subfield>
      <marc:subfield code="b">Stanley Thornes,</marc:subfield>
      <marc:subfield code="c">1996.</marc:subfield>
    </marc:datafield>
    <marc:datafield tag="300" ind1=" " ind2=" ">
      <marc:subfield code="a">243p. :</marc:subfield>
      <marc:subfield code="b">ill. ;</marc:subfield>
      <marc:subfield code="c">24cm.</marc:subfield>
    </marc:datafield>
    <marc:datafield tag="336" ind1=" " ind2=" ">
      <marc:subfield code="a">text</marc:subfield>
      <marc:subfield code="2">rdacontent</marc:subfield>
    </marc:datafield>
    <marc:datafield tag="337" ind1=" " ind2=" ">
      <marc:subfield code="a">unmediated</marc:subfield>
      <marc:subfield code="2">rdamedia</marc:subfield>
    </marc:datafield>
    <marc:datafield tag="338" ind1=" " ind2=" ">
      <marc:subfield code="a">volume</marc:subfield>
      <marc:subfield code="2">rdacarrier</marc:subfield>
    </marc:datafield>
    <marc:datafield tag="490" ind1="0" ind2=" ">
      <marc:subfield code="a">Thornes classic novels</marc:subfield>
    </marc:datafield>
    <marc:datafield tag="653" ind1="1" ind2=" ">
      <marc:subfield code="a">English fiction</marc:subfield>
    </marc:datafield>
    <marc:datafield tag="700" ind1="1" ind2=" ">
      <marc:subfield code="a">Matthews, Sarah</marc:subfield>
      <marc:subfield code="d">1947-</marc:subfield>
      <marc:subfield code="1p">matthewssarah</marc:subfield>
    </marc:datafield>
    <marc:datafield tag="886" ind1="2" ind2=" ">
      <marc:subfield code="2">ukmarc</marc:subfield>
      <marc:subfield code="a">900</marc:subfield>
      <marc:subfield code="b">10</marc:subfield>
      <marc:subfield code="a">Doyle</marc:subfield>
      <marc:subfield code="h">A. Conan</marc:subfield>
      <marc:subfield code="x">See</marc:subfield>
      <marc:subfield code="a">Doyle,</marc:subfield>
      <marc:subfield code="x">Sir</marc:subfield>
      <marc:subfield code="a">Arthur Conan,</marc:subfield>
      <marc:subfield code="x">1859-1930</marc:subfield>
      <marc:subfield code="z">100</marc:subfield>
    </marc:datafield>
    <marc:datafield tag="886" ind1="2" ind2=" ">
      <marc:subfield code="2">ukmarc</marc:subfield>
      <marc:subfield code="a">900</marc:subfield>
      <marc:subfield code="b">10</marc:subfield>
      <marc:subfield code="a">Doyle</marc:subfield>
      <marc:subfield code="h">A. Conan</marc:subfield>
      <marc:subfield code="k">Arthur Conan</marc:subfield>
      <marc:subfield code="f">Sir</marc:subfield>
      <marc:subfield code="c">1859- 1930</marc:subfield>
      <marc:subfield code="x">See</marc:subfield>
      <marc:subfield code="a">Doyle, Arthur Conan,</marc:subfield>
      <marc:subfield code="x">Sir, 1859-1930</marc:subfield>
      <marc:subfield code="z">100</marc:subfield>
    </marc:datafield>
  </marc:record>